{"gold_per_floor":[116,132,232,28,38,38,64,83,129,156,156,169,199,12,12,114,114,124,26,41,51,21,21,21,21,70,70,97,114,134,161,161,161],"floor_reached":33,"playtime":2778,"items_purged":["Defend_G"],"score":376,"play_id":"8528ec53-f212-47bd-a940-e6c4a5081487","local_time":"20220930202638","is_ascension_mode":true,"campfire_choices":[{"data":"Prepared","floor":6,"key":"SMITH"},{"data":"Caltrops","floor":11,"key":"SMITH"},{"floor":15,"key":"REST"},{"data":"Noxious Fumes","floor":23,"key":"SMITH"},{"data":"Glass Knife","floor":25,"key":"SMITH"},{"data":"Survivor","floor":27,"key":"SMITH"},{"data":"Sucker Punch","floor":32,"key":"SMITH"}],"neow_cost":"NONE","seed_source_timestamp":495504133280200,"circlet_count":0,"master_deck":["Strike_G","Strike_G","Strike_G","Strike_G","Strike_G","Defend_G","Defend_G","Defend_G","Defend_G","Survivor+1","Neutralize","Crippling Poison","Deadly Poison","Prepared+1","All Out Attack","Dagger Spray","Caltrops+1","Glass Knife+1","Backstab","Noxious Fumes+1","Die Die Die","Calculated Gamble","Dodge and Roll","Leg Sweep+1","Catalyst+1","Sucker Punch+1"],"relics":["Ring of the Serpent","NeowsBlessing","Chemical X","Matryoshka","StrikeDummy","Orichalcum","hermit:BrassTacks","HandDrill","Toxic Egg 2","CeramicFish"],"potions_floor_usage":[7,7,18,20,28,28,29,30,33],"damage_taken":[{"damage":0,"enemies":"Small Slimes","floor":1,"turns":1},{"damage":0,"enemies":"Cultist","floor":2,"turns":1},{"damage":0,"enemies":"2 Louse","floor":5,"turns":1},{"damage":14,"enemies":"3 Sentries","floor":7,"turns":7},{"damage":3,"enemies":"Looter","floor":8,"turns":4},{"damage":11,"enemies":"Gremlin Nob","floor":10,"turns":4},{"damage":2,"enemies":"Red Slaver","floor":12,"turns":3},{"damage":26,"enemies":"Hexaghost","floor":16,"turns":8},{"damage":0,"enemies":"Chosen","floor":18,"turns":4},{"damage":0,"enemies":"3 Byrds","floor":20,"turns":4},{"damage":11,"enemies":"Sentry and Sphere","floor":21,"turns":5},{"damage":0,"enemies":"Snecko","floor":28,"turns":3},{"damage":14,"enemies":"Shelled Parasite and Fungi","floor":29,"turns":5},{"damage":0,"enemies":"3 Cultists","floor":30,"turns":5},{"damage":0,"enemies":"Cultist and Chosen","floor":31,"turns":6},{"damage":38,"enemies":"Automaton","floor":33,"turns":6}],"seed_played":"3846643896287601919","potions_obtained":[{"floor":2,"key":"Energy Potion"},{"floor":5,"key":"bronze:BurnAndBuffPotion"},{"floor":10,"key":"SneckoOil"},{"floor":16,"key":"EssenceOfSteel"},{"floor":21,"key":"Fire Potion"},{"floor":22,"key":"Ancient Potion"},{"floor":22,"key":"DistilledChaos"},{"floor":28,"key":"AttackPotion"},{"floor":29,"key":"Block Potion"}],"is_trial":false,"path_per_floor":["M","M","?","$","M","R","E","M","T","E","R","M","?","$","R","B",null,"M","$","M","M","?","R","$","R","T","R","M","M","M","M","R","B"],"character_chosen":"THE_SILENT","items_purchased":["Chemical X","Prepared","Noxious Fumes","HandDrill","Dodge and Roll"],"campfire_rested":1,"item_purchase_floors":[4,4,14,14,19],"current_hp_per_floor":[63,63,63,63,63,63,49,46,46,35,35,33,33,33,54,28,60,60,60,60,49,49,49,49,49,49,49,49,35,35,35,35,0],"gold":161,"neow_bonus":"THREE_ENEMY_KILL","is_prod":false,"is_daily":false,"chose_seed":false,"campfire_upgraded":6,"win_rate":0,"timestamp":1664583998,"path_taken":["M","M","?","$","?","R","E","M","T","E","R","M","?","$","R","BOSS","M","$","M","M","?","R","$","R","T","R","?","?","M","M","R","BOSS"],"build_version":"2022-03-07","purchased_purges":1,"victory":false,"max_hp_per_floor":[70,70,70,70,70,70,70,70,70,70,70,70,70,70,70,70,70,70,70,70,70,70,70,70,70,70,70,70,70,70,70,70,70],"card_choices":[{"not_picked":["Flying Knee","PiercingWail"],"picked":"Crippling Poison","floor":1},{"not_picked":["Flying Knee","Poisoned Stab"],"picked":"Deadly Poison","floor":2},{"not_picked":["Deadly Poison","Quick Slash"],"picked":"All Out Attack","floor":5},{"not_picked":["Escape Plan","Outmaneuver"],"picked":"Dagger Spray","floor":7},{"not_picked":["Bane","Prepared"],"picked":"Caltrops","floor":8},{"not_picked":["Deadly Poison","Bane"],"picked":"Glass Knife","floor":10},{"not_picked":["Calculated Gamble","Sucker Punch"],"picked":"Backstab","floor":12},{"not_picked":["Wraith Form v2","A Thousand Cuts"],"picked":"Die Die Die","floor":16},{"not_picked":["Blade Dance","Choke"],"picked":"Calculated Gamble","floor":18},{"not_picked":["Infinite Blades","Backstab","Outmaneuver"],"picked":"SKIP","floor":20},{"not_picked":["Blade Dance","Poisoned Stab"],"picked":"Leg Sweep+1","floor":21},{"not_picked":["Bane","Deadly Poison+1"],"picked":"Catalyst+1","floor":28},{"not_picked":["Predator","Flying Knee+1","Heel Hook"],"picked":"SKIP","floor":29},{"not_picked":["Reflex+1","Dagger Throw","Accuracy+1"],"picked":"SKIP","floor":30},{"not_picked":["Setup+1","Poisoned Stab"],"picked":"Sucker Punch","floor":31}],"player_experience":1453939,"relics_obtained":[{"floor":7,"key":"Matryoshka"},{"floor":9,"key":"StrikeDummy"},{"floor":9,"key":"Orichalcum"},{"floor":10,"key":"hermit:BrassTacks"},{"floor":26,"key":"Toxic Egg 2"},{"floor":26,"key":"CeramicFish"}],"event_choices":[{"damage_healed":0,"gold_gain":100,"player_choice":"Pray","damage_taken":0,"max_hp_gain":0,"max_hp_loss":0,"event_name":"Golden Shrine","floor":3,"gold_loss":0},{"damage_healed":0,"gold_gain":30,"player_choice":"Searched \u00271\u0027 times","damage_taken":0,"max_hp_gain":0,"max_hp_loss":0,"event_name":"Dead Adventurer","floor":13,"gold_loss":0},{"damage_healed":0,"gold_gain":0,"player_choice":"Bought 2 Potions","damage_taken":0,"max_hp_gain":0,"max_hp_loss":0,"event_name":"The Woman in Blue","floor":22,"gold_loss":0}],"is_beta":false,"boss_relics":[{"not_picked":["Philosopher\u0027s Stone","Ectoplasm"],"picked":"Ring of the Serpent"}],"items_purged_floors":[19],"is_endless":false,"potions_floor_spawned":[2,5,10,16,21,28,29],"killed_by":"Automaton","ascension_level":9}