{"gold_per_floor":[114,114,114,132,182,215,239,259,259,282,282,295,295],"floor_reached":13,"playtime":354,"items_purged":[],"score":224,"play_id":"1c6775bc-3188-448f-b168-67086389ea32","local_time":"20221123160141","is_ascension_mode":true,"campfire_choices":[{"data":"Endless Agony","floor":11,"key":"SMITH"}],"neow_cost":"NONE","seed_source_timestamp":686985928414400,"circlet_count":0,"master_deck":["AscendersBane","Strike_G","Strike_G","Strike_G","Strike_G","Strike_G","Defend_G","Defend_G","Defend_G","Defend_G","Defend_G","Survivor","Neutralize","Endless Agony+1","Die Die Die","Acrobatics","Sucker Punch","Footwork"],"relics":["Ring of the Snake","NeowsBlessing","Golden Idol","Letter Opener","The Courier"],"potions_floor_usage":[8,12,13],"damage_taken":[{"damage":0,"enemies":"Jaw Worm","floor":1,"turns":1},{"damage":0,"enemies":"Small Slimes","floor":4,"turns":1},{"damage":0,"enemies":"Lagavulin","floor":6,"turns":1},{"damage":1,"enemies":"Cultist","floor":7,"turns":3},{"damage":0,"enemies":"Blue Slaver","floor":8,"turns":3},{"damage":0,"enemies":"Red Slaver","floor":10,"turns":4},{"damage":0,"enemies":"Exordium Thugs","floor":12,"turns":3},{"damage":51,"enemies":"Gremlin Nob","floor":13,"turns":5}],"seed_played":"-804764465807895639","potions_obtained":[{"floor":3,"key":"Dexterity Potion"},{"floor":3,"key":"EssenceOfSteel"},{"floor":4,"key":"AttackPotion"},{"floor":10,"key":"Poison Potion"}],"is_trial":false,"path_per_floor":["M","?","?","M","?","E","M","M","T","M","R","M","E"],"character_chosen":"THE_SILENT","items_purchased":[],"campfire_rested":0,"item_purchase_floors":[],"current_hp_per_floor":[59,36,36,36,36,36,35,35,35,35,35,35,0],"gold":295,"neow_bonus":"THREE_ENEMY_KILL","is_prod":false,"is_daily":false,"chose_seed":false,"campfire_upgraded":1,"win_rate":0,"timestamp":1669237301,"path_taken":["M","?","?","?","?","E","?","M","T","M","R","M","E"],"build_version":"2022-10-04","purchased_purges":0,"victory":false,"max_hp_per_floor":[66,66,66,66,66,66,66,66,66,66,66,66,66],"card_choices":[{"not_picked":["Deflect","Calculated Gamble"],"picked":"Endless Agony","floor":1},{"not_picked":["Concentrate","Quick Slash","Blade Dance"],"picked":"SKIP","floor":4},{"not_picked":["Bane","Leg Sweep"],"picked":"Die Die Die","floor":6},{"not_picked":["Dodge and Roll","Deflect"],"picked":"Acrobatics","floor":7},{"not_picked":["Dagger Throw","Outmaneuver","Slice"],"picked":"SKIP","floor":8},{"not_picked":["Flying Knee","Dodge and Roll"],"picked":"Sucker Punch","floor":10},{"not_picked":["Leg Sweep","Acrobatics"],"picked":"Footwork","floor":12}],"player_experience":1223200,"relics_obtained":[{"floor":6,"key":"Letter Opener"},{"floor":9,"key":"The Courier"}],"event_choices":[{"damage_healed":0,"gold_gain":0,"player_choice":"Take Damage","damage_taken":23,"relics_obtained":["Golden Idol"],"max_hp_gain":0,"max_hp_loss":0,"event_name":"Golden Idol","floor":2,"gold_loss":0},{"damage_healed":0,"gold_gain":0,"player_choice":"Got Potions","damage_taken":0,"max_hp_gain":0,"max_hp_loss":0,"event_name":"Lab","floor":3,"gold_loss":0},{"damage_healed":0,"gold_gain":50,"player_choice":"Pray","damage_taken":0,"max_hp_gain":0,"max_hp_loss":0,"event_name":"Golden Shrine","floor":5,"gold_loss":0}],"is_beta":false,"boss_relics":[],"items_purged_floors":[],"is_endless":false,"potions_floor_spawned":[4,7,10],"killed_by":"Gremlin Nob","ascension_level":20}