{"gold_per_floor":[114,189,26,45,57,57,83,7,7,17,17,17],"floor_reached":12,"playtime":390,"items_purged":[],"score":156,"play_id":"f91f27dd-1d85-4317-b2d3-0af23d8d173f","local_time":"20221123155239","is_ascension_mode":true,"campfire_choices":[{"data":"Noxious Fumes","floor":6,"key":"SMITH"}],"neow_cost":"NONE","seed_source_timestamp":686406761001800,"circlet_count":0,"master_deck":["AscendersBane","Strike_G","Strike_G","Strike_G","Strike_G","Strike_G","Defend_G","Defend_G","Defend_G","Defend_G","Defend_G","Survivor","Neutralize","Dagger Throw","Dash","Noxious Fumes+1","Infinite Blades","Footwork","Infinite Blades","Terror"],"relics":["Ring of the Snake","Anchor","Gremlin Horn"],"potions_floor_usage":[12],"damage_taken":[{"damage":6,"enemies":"Small Slimes","floor":1,"turns":4},{"damage":0,"enemies":"2 Louse","floor":4,"turns":3},{"damage":0,"enemies":"Cultist","floor":5,"turns":4},{"damage":45,"enemies":"Gremlin Nob","floor":7,"turns":5},{"damage":0,"enemies":"3 Louse","floor":10,"turns":3},{"damage":3,"enemies":"Exordium Wildlife","floor":12,"turns":3}],"seed_played":"-4253978475502283311","potions_obtained":[{"floor":10,"key":"Dexterity Potion"}],"is_trial":false,"path_per_floor":["M","?","$","M","M","R","E","$","T","M","$","M"],"character_chosen":"THE_SILENT","items_purchased":["Dash","Noxious Fumes","Infinite Blades"],"campfire_rested":0,"item_purchase_floors":[3,3,8],"current_hp_per_floor":[59,48,48,48,48,48,3,3,3,3,3,0],"gold":17,"neow_bonus":"TEN_PERCENT_HP_BONUS","is_prod":false,"is_daily":false,"chose_seed":false,"campfire_upgraded":1,"win_rate":0,"timestamp":1669236759,"path_taken":["M","?","$","M","M","R","E","$","T","M","$","M"],"build_version":"2022-10-04","purchased_purges":0,"victory":false,"max_hp_per_floor":[72,72,72,72,72,72,72,72,72,72,72,72],"card_choices":[{"not_picked":["Flying Knee","Underhanded Strike"],"picked":"Dagger Throw","floor":1},{"not_picked":["Heel Hook","Underhanded Strike"],"picked":"Infinite Blades","floor":4},{"not_picked":["Expertise","Flying Knee"],"picked":"Footwork","floor":5},{"not_picked":["Quick Slash","Deadly Poison","Infinite Blades"],"picked":"SKIP","floor":7},{"not_picked":["Cloak And Dagger","Catalyst"],"picked":"Terror","floor":10}],"player_experience":1222642,"relics_obtained":[{"floor":7,"key":"Anchor"},{"floor":9,"key":"Gremlin Horn"}],"event_choices":[{"damage_healed":0,"gold_gain":75,"player_choice":"Gather Gold","damage_taken":11,"max_hp_gain":0,"max_hp_loss":0,"event_name":"World of Goop","floor":2,"gold_loss":0}],"is_beta":false,"boss_relics":[],"items_purged_floors":[],"is_endless":false,"potions_floor_spawned":[10],"killed_by":"Exordium Wildlife","ascension_level":20}