{"gold_per_floor":[117,136,26,39,55,55,88,88,88,121,121,137,137,137,137,137],"floor_reached":16,"playtime":689,"items_purged":[],"score":220,"play_id":"8114576d-5868-4ead-ad2d-77fc1a5bc371","local_time":"20221125193809","is_ascension_mode":true,"campfire_choices":[{"data":"Dagger Spray","floor":6.0,"key":"SMITH"},{"floor":11.0,"key":"REST"},{"floor":13.0,"key":"REST"},{"data":"Doppelganger","floor":15.0,"key":"SMITH"}],"neow_cost":"CURSE","seed_source_timestamp":872413360316200,"circlet_count":0,"master_deck":["AscendersBane","Strike_G","Strike_G+1","Strike_G","Strike_G","Strike_G","Defend_G","Defend_G","Defend_G","Defend_G","Defend_G","Survivor","Neutralize+1","Writhe","Unload","Dagger Spray+1","Footwork+1","Poisoned Stab","Backflip","Poisoned Stab","Doppelganger+1","Parasite"],"special_seed":0,"relics":["Ring of the Snake","Whetstone","Boot","Singing Bowl"],"potions_floor_usage":[16],"damage_taken":[{"damage":0.0,"enemies":"2 Louse","floor":1.0,"turns":2.0},{"damage":9.0,"enemies":"Cultist","floor":2.0,"turns":5.0},{"damage":2.0,"enemies":"Jaw Worm","floor":4.0,"turns":4.0},{"damage":13.0,"enemies":"Blue Slaver","floor":5.0,"turns":4.0},{"damage":11.0,"enemies":"Lagavulin","floor":7.0,"turns":7.0},{"damage":21.0,"enemies":"Gremlin Nob","floor":10.0,"turns":4.0},{"damage":9.0,"enemies":"Large Slime","floor":12.0,"turns":5.0},{"damage":53,"enemies":"Hexaghost","floor":16,"turns":9}],"seed_played":"-6570419758422329626","potions_obtained":[{"floor":5.0,"key":"CultistPotion"},{"floor":10.0,"key":"EssenceOfSteel"},{"floor":12.0,"key":"SteroidPotion"}],"is_trial":false,"path_per_floor":["M","M","$","M","M","R","E","?","T","E","R","M","R","?","R","B"],"character_chosen":"THE_SILENT","items_purchased":["Footwork","Poisoned Stab"],"campfire_rested":2,"item_purchase_floors":[3,3],"current_hp_per_floor":[59,50,50,48,35,35,24,24,24,5,25,16,36,53,53,0],"gold":137,"neow_bonus":"THREE_RARE_CARDS","is_prod":false,"is_daily":false,"chose_seed":false,"campfire_upgraded":2,"win_rate":0,"timestamp":1669423089,"path_taken":["M","M","$","M","M","R","E","?","T","E","R","?","R","?","R","BOSS"],"build_version":"2022-10-04","purchased_purges":0,"victory":false,"max_hp_per_floor":[66,66,66,66,66,66,66,66,66,68,68,68,68,68,68,68],"card_choices":[{"not_picked":["Phantasmal Killer","Venomology"],"picked":"Unload","floor":0.0},{"not_picked":["Flying Knee","PiercingWail","Flechettes"],"picked":"SKIP","floor":1.0},{"not_picked":["Flying Knee","Deflect"],"picked":"Dagger Spray","floor":2.0},{"not_picked":["Endless Agony","Blade Dance","Underhanded Strike"],"picked":"SKIP","floor":4.0},{"not_picked":["Tactician","Blade Dance"],"picked":"Backflip","floor":5.0},{"not_picked":["Slice","Flechettes"],"picked":"Poisoned Stab","floor":7.0},{"not_picked":["Flying Knee","Terror","Dagger Throw"],"picked":"Singing Bowl","floor":10.0},{"not_picked":["Riddle With Holes","Escape Plan"],"picked":"Doppelganger","floor":12.0}],"player_experience":1229165,"relics_obtained":[{"floor":7.0,"key":"Whetstone"},{"floor":9.0,"key":"Boot"},{"floor":10.0,"key":"Singing Bowl"}],"event_choices":[{"damage_healed":0.0,"max_hp_gain":0.0,"max_hp_loss":0.0,"gold_gain":0.0,"event_name":"Upgrade Shrine","player_choice":"Upgraded","floor":8.0,"gold_loss":0.0,"damage_taken":0.0,"cards_upgraded":["Footwork"]},{"damage_healed":17.0,"max_hp_gain":0.0,"max_hp_loss":0.0,"gold_gain":0.0,"event_name":"Mushrooms","player_choice":"Healed and dodged fight","floor":14.0,"gold_loss":0.0,"damage_taken":0.0,"cards_obtained":["Parasite"]}],"is_beta":false,"boss_relics":[],"items_purged_floors":[],"is_endless":false,"potions_floor_spawned":[5,10,12],"killed_by":"Hexaghost","ascension_level":20}