{"gold_per_floor":[117,267,24,24,24,24,24,43,70,102,2,2,29,49,49,49],"floor_reached":16,"playtime":503,"items_purged":["Strike_G","Strike_G"],"score":262,"play_id":"06bcd123-3a15-4f4f-aa34-1adb40b9c621","local_time":"20221123161014","is_ascension_mode":true,"campfire_choices":[{"data":"Strike_G","floor":6,"key":"SMITH"},{"data":"Defend_G","floor":15,"key":"SMITH"}],"neow_cost":"NONE","seed_source_timestamp":687349441601500,"circlet_count":0,"master_deck":["AscendersBane","Strike_G+1","Strike_G+1","Defend_G+1","Defend_G","Defend_G","Defend_G","Defend_G","Survivor","Neutralize","Footwork","Doubt","Unload","Parasite"],"relics":["Ring of the Snake","NeowsBlessing","Bronze Scales","Eternal Feather","StoneCalendar"],"potions_floor_usage":[13,13,16],"damage_taken":[{"damage":0,"enemies":"Small Slimes","floor":1,"turns":1},{"damage":0,"enemies":"2 Louse","floor":8,"turns":1},{"damage":0,"enemies":"Lagavulin","floor":10,"turns":1},{"damage":8,"enemies":"3 Sentries","floor":13,"turns":10},{"damage":4,"enemies":"Jaw Worm","floor":14,"turns":3},{"damage":65,"enemies":"Hexaghost","floor":16,"turns":14}],"seed_played":"-5894201805654780044","potions_obtained":[{"floor":8,"key":"GamblersBrew"},{"floor":10,"key":"LiquidMemories"},{"floor":14,"key":"SteroidPotion"}],"is_trial":false,"path_per_floor":["M","?","$","?","?","R","$","M","T","E","$","?","E","M","R","B"],"character_chosen":"THE_SILENT","items_purchased":["Unload"],"campfire_rested":0,"item_purchase_floors":[3],"current_hp_per_floor":[59,59,59,52,52,52,52,52,52,52,52,66,58,54,60,0],"gold":49,"neow_bonus":"THREE_ENEMY_KILL","is_prod":false,"is_daily":false,"chose_seed":false,"campfire_upgraded":2,"win_rate":0,"timestamp":1669237814,"path_taken":["M","?","$","?","?","R","?","M","T","E","$","?","E","M","R","BOSS"],"build_version":"2022-10-04","purchased_purges":2,"victory":false,"max_hp_per_floor":[66,66,66,66,66,66,66,66,66,66,66,66,66,66,66,66],"card_choices":[{"not_picked":["Poisoned Stab","Riddle With Holes"],"picked":"Footwork","floor":1},{"not_picked":["Eviscerate","Flechettes","Bouncing Flask"],"picked":"SKIP","floor":8},{"not_picked":["Caltrops","Choke","Phantasmal Killer"],"picked":"SKIP","floor":10},{"not_picked":["Calculated Gamble","Heel Hook","Choke"],"picked":"SKIP","floor":13},{"not_picked":["Blade Dance","Bane","Cloak And Dagger"],"picked":"SKIP","floor":14}],"player_experience":1223554,"relics_obtained":[{"floor":9,"key":"Bronze Scales"},{"floor":10,"key":"Eternal Feather"},{"floor":13,"key":"StoneCalendar"}],"event_choices":[{"damage_healed":0,"gold_gain":150,"player_choice":"AGREE","damage_taken":0,"max_hp_gain":0,"max_hp_loss":0,"event_name":"Liars Game","floor":2,"gold_loss":0,"cards_obtained":["Doubt"]},{"cards_removed":["Strike_G"],"damage_healed":0,"gold_gain":0,"player_choice":"Card Removal","damage_taken":7,"max_hp_gain":0,"max_hp_loss":0,"event_name":"Golden Wing","floor":4,"gold_loss":0},{"damage_healed":0,"gold_gain":0,"player_choice":"Grow","damage_taken":0,"max_hp_gain":0,"max_hp_loss":0,"event_name":"Living Wall","floor":5,"gold_loss":0,"cards_upgraded":["Strike_G"]},{"damage_healed":16,"gold_gain":0,"player_choice":"Healed and dodged fight","damage_taken":0,"max_hp_gain":0,"max_hp_loss":0,"event_name":"Mushrooms","floor":12,"gold_loss":0,"cards_obtained":["Parasite"]}],"is_beta":false,"boss_relics":[],"items_purged_floors":[3,11],"is_endless":false,"potions_floor_spawned":[8,10,14],"killed_by":"Hexaghost","ascension_level":20}