{"gold_per_floor":[111,111,121,121,141,175,175,175,198,228,208,226,59,70,70,70],"floor_reached":16,"playtime":597,"items_purged":[],"score":220,"play_id":"8e0a819e-e1e5-49fd-bcf5-345306d9001e","local_time":"20221122185846","is_ascension_mode":true,"campfire_choices":[{"data":"Accuracy","floor":7.0,"key":"SMITH"},{"floor":15,"key":"REST"}],"neow_cost":"NONE","seed_source_timestamp":610882028840100,"circlet_count":0,"master_deck":["AscendersBane","Strike_G","Strike_G","Strike_G","Strike_G","Defend_G","Defend_G","Defend_G","Defend_G","Defend_G","Survivor","Neutralize","Accuracy+1","Blade Dance","Cloak And Dagger","Setup","Wraith Form v2","Unload"],"special_seed":0,"relics":["Ring of the Snake","NeowsBlessing","Vajra","Orichalcum","Boot"],"potions_floor_usage":[14],"damage_taken":[{"damage":0.0,"enemies":"2 Louse","floor":1.0,"turns":1.0},{"damage":0.0,"enemies":"Cultist","floor":3.0,"turns":1.0},{"damage":0.0,"enemies":"Small Slimes","floor":5.0,"turns":1.0},{"damage":51.0,"enemies":"Gremlin Nob","floor":6.0,"turns":5.0},{"damage":9.0,"enemies":"3 Sentries","floor":10.0,"turns":6.0},{"damage":1.0,"enemies":"Exordium Thugs","floor":12.0,"turns":3.0},{"damage":0,"enemies":"Lots of Slimes","floor":14,"turns":5},{"damage":29,"enemies":"Slime Boss","floor":16,"turns":5}],"seed_played":"-5033247251968115670","potions_obtained":[{"floor":1.0,"key":"AttackPotion"},{"floor":5.0,"key":"Dexterity Potion"},{"floor":10.0,"key":"Explosive Potion"},{"floor":11.0,"key":"Explosive Potion"},{"floor":12.0,"key":"GamblersBrew"}],"is_trial":false,"path_per_floor":["M","?","M","?","M","E","R","?","T","E","?","M","$","M","R","B"],"character_chosen":"THE_SILENT","items_purchased":["Unload"],"campfire_rested":1,"item_purchase_floors":[13],"current_hp_per_floor":[59,66,66,66,66,15,15,15,15,6,6,5,5,5,24,0],"gold":70,"neow_bonus":"THREE_ENEMY_KILL","is_prod":false,"is_daily":false,"chose_seed":false,"campfire_upgraded":1,"win_rate":0,"timestamp":1669161526,"path_taken":["M","?","M","?","?","E","R","?","T","E","?","M","$","M","R","BOSS"],"build_version":"2022-10-04","purchased_purges":0,"victory":false,"max_hp_per_floor":[66,66,66,66,66,66,66,66,66,66,66,66,66,66,66,66],"card_choices":[{"not_picked":["Catalyst","Heel Hook"],"picked":"Accuracy","floor":1.0},{"not_picked":["Masterful Stab","PiercingWail"],"picked":"Blade Dance","floor":3.0},{"not_picked":["Dagger Spray","Escape Plan"],"picked":"Cloak And Dagger","floor":5.0},{"not_picked":["Deadly Poison","PiercingWail"],"picked":"Setup","floor":6.0},{"not_picked":["Acrobatics","PiercingWail"],"picked":"Wraith Form v2","floor":10.0},{"not_picked":["Blade Dance","Quick Slash","Prepared"],"picked":"SKIP","floor":12.0},{"not_picked":["A Thousand Cuts","Deadly Poison","Distraction"],"picked":"SKIP","floor":14}],"player_experience":1462414,"relics_obtained":[{"floor":6.0,"key":"Vajra"},{"floor":9.0,"key":"Orichalcum"},{"floor":10.0,"key":"Boot"}],"event_choices":[{"damage_healed":22.0,"max_hp_gain":0.0,"max_hp_loss":0.0,"gold_gain":0.0,"event_name":"Big Fish","player_choice":"Banana","floor":2.0,"gold_loss":0.0,"damage_taken":0.0},{"cards_removed":["Strike_G"],"damage_healed":0.0,"max_hp_gain":0.0,"max_hp_loss":0.0,"gold_gain":0.0,"event_name":"Purifier","player_choice":"Purged","floor":4.0,"gold_loss":0.0,"damage_taken":0.0},{"damage_healed":0.0,"max_hp_gain":0.0,"max_hp_loss":0.0,"gold_gain":0.0,"event_name":"Golden Wing","player_choice":"Ignored","floor":8.0,"gold_loss":0.0,"damage_taken":0.0},{"damage_healed":0.0,"max_hp_gain":0.0,"max_hp_loss":0.0,"gold_gain":0.0,"event_name":"The Woman in Blue","player_choice":"Bought 1 Potion","floor":11.0,"gold_loss":0.0,"damage_taken":0.0}],"is_beta":false,"boss_relics":[],"items_purged_floors":[],"is_endless":false,"potions_floor_spawned":[1,5,10,12],"killed_by":"Slime Boss","ascension_level":20}