{"gold_per_floor":[116,136,136,136,35,68,68,68,68,80,93,106,31,31],"floor_reached":14,"playtime":659,"items_purged":["Strike_G"],"score":230,"play_id":"556187a8-93b7-44bc-99de-cfdb29f7bbc8","local_time":"20221122184536","is_ascension_mode":true,"campfire_choices":[],"neow_cost":"NONE","seed_source_timestamp":610114026086300,"circlet_count":0,"master_deck":["AscendersBane","Strike_G","Strike_G+1","Defend_G","Defend_G","Defend_G","Defend_G","Defend_G+1","Survivor","Neutralize","Setup","Prepared","Acrobatics","Blur+1","Dodge and Roll+1","Sucker Punch","Tactician+1"],"relics":["Ring of the Snake","NeowsBlessing","Toxic Egg 2","Mercury Hourglass"],"potions_floor_usage":[10,12],"damage_taken":[{"damage":0,"enemies":"Small Slimes","floor":1,"turns":1},{"damage":0,"enemies":"2 Louse","floor":2,"turns":1},{"damage":0,"enemies":"Gremlin Nob","floor":6,"turns":1},{"damage":0,"enemies":"Jaw Worm","floor":10,"turns":4},{"damage":0,"enemies":"2 Fungi Beasts","floor":11,"turns":4},{"damage":5,"enemies":"Lots of Slimes","floor":12,"turns":4},{"damage":31,"enemies":"Lagavulin","floor":14,"turns":13}],"seed_played":"-9181799602544920584","potions_obtained":[{"floor":2,"key":"champ:CounterPotion"},{"floor":11,"key":"Dexterity Potion"}],"is_trial":false,"path_per_floor":["M","M","?","?","$","E","?","?","T","M","M","M","$","E"],"character_chosen":"THE_SILENT","items_purchased":["Acrobatics","Tactician+1"],"campfire_rested":0,"item_purchase_floors":[5,13],"current_hp_per_floor":[59,59,39,32,32,32,32,32,32,32,32,27,27,0],"gold":31,"neow_bonus":"THREE_ENEMY_KILL","is_prod":false,"is_daily":false,"chose_seed":false,"campfire_upgraded":0,"win_rate":0,"timestamp":1669160736,"path_taken":["M","M","?","?","?","E","?","?","T","?","M","M","$","E"],"build_version":"2022-10-04","purchased_purges":1,"victory":false,"max_hp_per_floor":[66,66,66,66,66,66,66,66,66,66,66,66,66,66],"card_choices":[{"not_picked":["Deadly Poison","Dagger Spray"],"picked":"Setup","floor":1},{"not_picked":["PiercingWail","Deadly Poison"],"picked":"Prepared","floor":2},{"not_picked":["Concentrate+1","Dagger Spray","Dash"],"picked":"SKIP","floor":6},{"not_picked":["All Out Attack","Leg Sweep+1"],"picked":"Blur+1","floor":10},{"not_picked":["Masterful Stab","Deflect+1"],"picked":"Dodge and Roll+1","floor":11},{"not_picked":["Blade Dance+1","Dagger Spray"],"picked":"Sucker Punch","floor":12}],"player_experience":1462414,"relics_obtained":[{"floor":6,"key":"Toxic Egg 2"},{"floor":9,"key":"Mercury Hourglass"}],"event_choices":[{"damage_healed":0,"gold_gain":0,"player_choice":"Entered Light","damage_taken":20,"max_hp_gain":0,"max_hp_loss":0,"event_name":"Shining Light","floor":3,"gold_loss":0,"cards_upgraded":["Defend_G","Strike_G"]},{"cards_removed":["Strike_G"],"damage_healed":0,"gold_gain":0,"player_choice":"Card Removal","damage_taken":7,"max_hp_gain":0,"max_hp_loss":0,"event_name":"Golden Wing","floor":4,"gold_loss":0},{"damage_healed":0,"gold_gain":0,"player_choice":"Searched \u00270\u0027 times","damage_taken":0,"max_hp_gain":0,"max_hp_loss":0,"event_name":"Dead Adventurer","floor":7,"gold_loss":0},{"cards_removed":["Strike_G"],"damage_healed":0,"gold_gain":0,"player_choice":"Offered Basic","damage_taken":0,"max_hp_gain":0,"max_hp_loss":0,"event_name":"Bonfire Elementals","floor":8,"gold_loss":0}],"is_beta":false,"boss_relics":[],"items_purged_floors":[5],"is_endless":false,"potions_floor_spawned":[2,11],"killed_by":"Lagavulin","ascension_level":20}