{"gold_per_floor":[118,24,24,24,49,49,65,10,82,97,118,118],"floor_reached":12,"playtime":393,"items_purged":[],"score":140,"play_id":"db515483-5fe4-491e-8981-a5f783a7a994","local_time":"20221123162121","is_ascension_mode":true,"campfire_choices":[{"data":"Survivor","floor":6,"key":"SMITH"}],"neow_cost":"NONE","seed_source_timestamp":688126422663600,"circlet_count":0,"master_deck":["AscendersBane","Strike_G","Strike_G","Strike_G","Strike_G","Strike_G","Defend_G","Defend_G","Defend_G","Defend_G","Defend_G","Survivor+1","Neutralize","Poisoned Stab","Swift Strike","Sucker Punch","Tools of the Trade","Dagger Spray","Deflect","Leg Sweep"],"relics":["Ring of the Snake","Golden Idol","StoneCalendar","Singing Bowl"],"potions_floor_usage":[10,11,12],"damage_taken":[{"damage":9,"enemies":"Cultist","floor":1,"turns":6},{"damage":0,"enemies":"Small Slimes","floor":5,"turns":2},{"damage":10,"enemies":"2 Louse","floor":7,"turns":3},{"damage":6,"enemies":"Looter","floor":10,"turns":3},{"damage":36,"enemies":"Exordium Thugs","floor":11,"turns":6},{"damage":6,"enemies":"2 Fungi Beasts","floor":12,"turns":2}],"seed_played":"-1775363799170115359","potions_obtained":[{"floor":7,"key":"Energy Potion"},{"floor":10,"key":"EssenceOfSteel"},{"floor":11,"key":"Poison Potion"}],"is_trial":false,"path_per_floor":["M","$","?","?","M","R","M","$","T","M","M","M"],"character_chosen":"THE_SILENT","items_purchased":["Swift Strike","Dagger Spray"],"campfire_rested":0,"item_purchase_floors":[2,8],"current_hp_per_floor":[56,56,56,56,56,56,46,46,46,40,4,0],"gold":118,"neow_bonus":"TEN_PERCENT_HP_BONUS","is_prod":false,"is_daily":false,"chose_seed":false,"campfire_upgraded":1,"win_rate":0,"timestamp":1669238481,"path_taken":["M","$","?","?","M","R","M","$","T","M","?","M"],"build_version":"2022-10-04","purchased_purges":0,"victory":false,"max_hp_per_floor":[72,72,65,65,65,65,65,65,65,65,65,65],"card_choices":[{"not_picked":["Prepared","Expertise"],"picked":"Poisoned Stab","floor":1},{"not_picked":["Prepared","Cloak And Dagger"],"picked":"Sucker Punch","floor":5},{"not_picked":["Calculated Gamble","Escape Plan"],"picked":"Tools of the Trade","floor":7},{"not_picked":["Dagger Throw","Accuracy"],"picked":"Deflect","floor":10},{"not_picked":["Quick Slash","Predator"],"picked":"Leg Sweep","floor":11}],"player_experience":1224311,"relics_obtained":[{"floor":4,"key":"StoneCalendar"},{"floor":9,"key":"Singing Bowl"}],"event_choices":[{"damage_healed":0,"gold_gain":0,"player_choice":"Lose Max HP","damage_taken":0,"relics_obtained":["Golden Idol"],"max_hp_gain":0,"max_hp_loss":7,"event_name":"Golden Idol","floor":3,"gold_loss":0},{"damage_healed":0,"gold_gain":0,"player_choice":"Relic","damage_taken":0,"max_hp_gain":0,"max_hp_loss":0,"event_name":"Wheel of Change","floor":4,"gold_loss":0}],"is_beta":false,"boss_relics":[],"items_purged_floors":[],"is_endless":false,"potions_floor_spawned":[7,10,11],"killed_by":"2 Fungi Beasts","ascension_level":20}