{"gold_per_floor":[112,112,122,122,122,122,139,139,139,154,182,201,30,45,45,142,142,157,4,22,22,32,32,32,32,85,116,128,128,161,175,175,175],"floor_reached":33,"playtime":1622,"items_purged":[],"score":287,"play_id":"0e862727-f5ab-46a4-9e50-f3c1d10a7301","local_time":"20221127012901","is_ascension_mode":false,"campfire_choices":[{"data":"Neutralize","floor":6,"key":"SMITH"},{"data":"Noxious Fumes","floor":8,"key":"SMITH"},{"floor":15,"key":"REST"},{"data":"Crippling Poison","floor":23,"key":"SMITH"},{"data":"Deflect","floor":25,"key":"SMITH"},{"floor":29,"key":"REST"},{"floor":32,"key":"REST"}],"neow_cost":"NONE","seed_source_timestamp":978958645037300,"circlet_count":0,"master_deck":["Strike_G","Strike_G","Strike_G","Strike_G","Strike_G","Defend_G+1","Defend_G+1","Defend_G","Defend_G","Defend_G+1","Survivor","Neutralize+1","Terror+1","Sucker Punch","Deflect+1","Deadly Poison","Neutralize","Noxious Fumes+1","Crippling Poison+1","Crippling Poison","Storm of Steel","Accuracy+1","J.A.X.","Dagger Throw","Shame","Writhe","Leg Sweep+1","Dash"],"relics":["Ring of the Snake","Shovel","Prayer Wheel","Cursed Key","Meat on the Bone","StrikeDummy","War Paint"],"potions_floor_usage":[10,16,16,16,28,30,33,33],"damage_taken":[{"damage":0,"enemies":"Cultist","floor":1,"turns":4},{"damage":0,"enemies":"2 Louse","floor":3,"turns":3},{"damage":0,"enemies":"Small Slimes","floor":7,"turns":3},{"damage":1,"enemies":"Looter","floor":10,"turns":4},{"damage":29,"enemies":"Gremlin Nob","floor":11,"turns":4},{"damage":15,"enemies":"Exordium Thugs","floor":12,"turns":5},{"damage":4,"enemies":"Blue Slaver","floor":14,"turns":4},{"damage":4,"enemies":"Hexaghost","floor":16,"turns":9},{"damage":4,"enemies":"Shell Parasite","floor":18,"turns":6},{"damage":1,"enemies":"Chosen","floor":20,"turns":4},{"damage":35,"enemies":"Centurion and Healer","floor":22,"turns":6},{"damage":24,"enemies":"Gremlin Leader","floor":27,"turns":7},{"damage":12,"enemies":"Snake Plant","floor":28,"turns":3},{"damage":28,"enemies":"Book of Stabbing","floor":30,"turns":5},{"damage":18,"enemies":"3 Cultists","floor":31,"turns":6},{"damage":47,"enemies":"Automaton","floor":33,"turns":8}],"seed_played":"4976957576798313903","potions_obtained":[{"floor":3,"key":"Swift Potion"},{"floor":12,"key":"ColorlessPotion"},{"floor":22,"key":"Weak Potion"},{"floor":27,"key":"DistilledChaos"},{"floor":28,"key":"LiquidMemories"},{"floor":31,"key":"Swift Potion"}],"is_trial":false,"path_per_floor":["M","?","M","?","?","R","M","R","T","M","E","M","$","M","R","B",null,"M","$","M","?","M","R","?","R","T","E","M","R","E","M","R","B"],"character_chosen":"THE_SILENT","items_purchased":["Crippling Poison","SpeedPotion","SteroidPotion","Storm of Steel"],"campfire_rested":3,"item_purchase_floors":[13,13,13,19],"current_hp_per_floor":[70,75,75,60,60,60,60,60,60,59,30,15,15,11,33,29,75,71,71,70,70,35,35,35,35,35,23,23,45,29,23,45,0],"gold":175,"neow_bonus":"THREE_CARDS","is_prod":false,"is_daily":false,"chose_seed":false,"campfire_upgraded":4,"win_rate":0,"timestamp":1669530541,"path_taken":["M","?","M","?","?","R","M","R","T","M","E","?","$","M","R","BOSS","M","$","M","?","M","R","?","R","T","E","M","R","E","M","R","BOSS"],"build_version":"2022-10-04","purchased_purges":0,"victory":false,"max_hp_per_floor":[70,75,75,75,75,75,75,75,75,75,75,75,75,75,75,75,75,75,75,75,75,75,75,75,75,75,75,75,75,75,75,75,75],"card_choices":[{"not_picked":["Quick Slash","Dodge and Roll"],"picked":"Terror","floor":0},{"not_picked":["Underhanded Strike","Acrobatics"],"picked":"Sucker Punch","floor":1},{"not_picked":["Dodge and Roll","Choke"],"picked":"Deflect","floor":3},{"not_picked":["Flying Knee","Bane"],"picked":"Noxious Fumes","floor":7},{"not_picked":["Grand Finale","Poisoned Stab","Prepared"],"picked":"SKIP","floor":10},{"not_picked":["Reflex","Underhanded Strike","Malaise"],"picked":"SKIP","floor":11},{"not_picked":["Flying Knee","Caltrops","Dodge and Roll"],"picked":"SKIP","floor":12},{"not_picked":["Footwork","Distraction","Quick Slash"],"picked":"SKIP","floor":12},{"not_picked":["Dagger Throw","Dodge and Roll"],"picked":"Crippling Poison","floor":14},{"not_picked":["Underhanded Strike","Dodge and Roll","Dagger Throw"],"picked":"SKIP","floor":14},{"not_picked":["Deflect","Quick Slash+1","Blade Dance"],"picked":"SKIP","floor":18},{"not_picked":["Escape Plan","Blade Dance","Well Laid Plans"],"picked":"SKIP","floor":18},{"not_picked":["Concentrate","Backflip"],"picked":"Accuracy+1","floor":20},{"not_picked":["Dagger Throw+1","Flying Knee+1","Acrobatics"],"picked":"SKIP","floor":20},{"not_picked":["Setup","Cloak And Dagger"],"picked":"Dagger Throw","floor":22},{"not_picked":["Dagger Throw","Concentrate","Deadly Poison"],"picked":"SKIP","floor":22},{"not_picked":["Caltrops","Bouncing Flask","Eviscerate"],"picked":"SKIP","floor":27},{"not_picked":["All Out Attack","Deadly Poison"],"picked":"Leg Sweep+1","floor":28},{"not_picked":["Reflex","Blade Dance","Setup"],"picked":"SKIP","floor":28},{"not_picked":["Flying Knee","Quick Slash+1"],"picked":"Dash","floor":30},{"not_picked":["Envenom","Deflect","Poisoned Stab+1"],"picked":"SKIP","floor":31},{"not_picked":["Infinite Blades+1","Concentrate","Quick Slash"],"picked":"SKIP","floor":31}],"player_experience":1233880,"relics_obtained":[{"floor":9,"key":"Shovel"},{"floor":11,"key":"Prayer Wheel"},{"floor":27,"key":"StrikeDummy"},{"floor":30,"key":"War Paint"}],"event_choices":[{"damage_healed":0,"gold_gain":0,"player_choice":"Donut","damage_taken":0,"max_hp_gain":5,"max_hp_loss":0,"event_name":"Big Fish","floor":2,"gold_loss":0},{"damage_healed":0,"gold_gain":0,"player_choice":"Entered Light","damage_taken":15,"max_hp_gain":0,"max_hp_loss":0,"event_name":"Shining Light","floor":4,"gold_loss":0,"cards_upgraded":["Terror","Defend_G"]},{"damage_healed":0,"gold_gain":0,"player_choice":"2 cards matched","damage_taken":0,"max_hp_gain":0,"max_hp_loss":0,"event_name":"Match and Keep!","floor":5,"gold_loss":0,"cards_obtained":["Deadly Poison","Neutralize"]},{"damage_healed":0,"gold_gain":0,"player_choice":"Obtain J.A.X.","damage_taken":0,"max_hp_gain":0,"max_hp_loss":0,"event_name":"Drug Dealer","floor":21,"gold_loss":0,"cards_obtained":["J.A.X."]},{"damage_healed":0,"gold_gain":0,"player_choice":"Stole Relic","damage_taken":0,"relics_obtained":["Meat on the Bone"],"max_hp_gain":0,"max_hp_loss":0,"event_name":"Addict","floor":24,"gold_loss":0,"cards_obtained":["Shame"]}],"is_beta":false,"boss_relics":[{"not_picked":["Astrolabe","Coffee Dripper"],"picked":"Cursed Key"}],"items_purged_floors":[],"is_endless":false,"potions_floor_spawned":[3,12,14,22,27,28,31],"killed_by":"Automaton","ascension_level":0}