{"gold_per_floor":[112,112,37,48,48,80,80,98,98,123,39,71,91,108,108,108],"floor_reached":16,"playtime":693,"items_purged":["Strike_G"],"score":290,"play_id":"7e025a0d-e8c2-4afb-8ac3-b405757586a2","local_time":"20221123153950","is_ascension_mode":true,"campfire_choices":[{"data":"Corpse Explosion","floor":7,"key":"SMITH"},{"floor":15,"key":"REST"}],"neow_cost":"NONE","seed_source_timestamp":685331526579200,"circlet_count":0,"master_deck":["AscendersBane","Strike_G","Strike_G","Strike_G","Strike_G","Defend_G","Defend_G","Defend_G","Defend_G","Defend_G","Survivor","Neutralize","Blur+1","Corpse Explosion+1","Dagger Spray","Crippling Poison","Malaise","Adrenaline","Setup"],"relics":["Ring of the Snake","NeowsBlessing","Kunai","Ornamental Fan","HornCleat","StrikeDummy","Letter Opener"],"potions_floor_usage":[8,10,16],"damage_taken":[{"damage":0,"enemies":"2 Louse","floor":1,"turns":1},{"damage":0,"enemies":"Jaw Worm","floor":4,"turns":1},{"damage":0,"enemies":"Lagavulin","floor":6,"turns":1},{"damage":0,"enemies":"Small Slimes","floor":8,"turns":1},{"damage":6,"enemies":"3 Sentries","floor":10,"turns":2},{"damage":11,"enemies":"Lagavulin","floor":12,"turns":9},{"damage":1,"enemies":"3 Louse","floor":13,"turns":2},{"damage":21,"enemies":"Large Slime","floor":14,"turns":9},{"damage":44,"enemies":"Slime Boss","floor":16,"turns":9}],"seed_played":"1520869223574829942","potions_obtained":[{"floor":1,"key":"SteroidPotion"},{"floor":4,"key":"LiquidMemories"},{"floor":14,"key":"SpeedPotion"}],"is_trial":false,"path_per_floor":["M","?","$","M","?","E","R","M","T","E","$","E","M","M","R","B"],"character_chosen":"THE_SILENT","items_purchased":["Malaise"],"campfire_rested":1,"item_purchase_floors":[11],"current_hp_per_floor":[59,54,54,54,54,54,54,54,54,48,48,37,36,15,34,0],"gold":108,"neow_bonus":"THREE_ENEMY_KILL","is_prod":false,"is_daily":false,"chose_seed":false,"campfire_upgraded":1,"win_rate":0,"timestamp":1669235990,"path_taken":["M","?","$","M","?","E","R","M","T","E","?","E","?","M","R","BOSS"],"build_version":"2022-10-04","purchased_purges":1,"victory":false,"max_hp_per_floor":[66,66,66,66,66,66,66,66,66,66,66,66,66,66,66,66],"card_choices":[{"not_picked":["Crippling Poison","Well Laid Plans","Underhanded Strike"],"picked":"SKIP","floor":1},{"not_picked":["Dagger Throw","Bane"],"picked":"Blur","floor":4},{"not_picked":["Deflect","Flying Knee"],"picked":"Corpse Explosion","floor":6},{"not_picked":["Quick Slash","Dodge and Roll"],"picked":"Dagger Spray","floor":8},{"not_picked":["Infinite Blades","Escape Plan"],"picked":"Crippling Poison","floor":10},{"not_picked":["Deadly Poison","Slice","Deflect"],"picked":"SKIP","floor":12},{"not_picked":["Sucker Punch","Slice"],"picked":"Adrenaline","floor":13},{"not_picked":["Sucker Punch","Riddle With Holes"],"picked":"Setup","floor":14}],"player_experience":1463772,"relics_obtained":[{"floor":6,"key":"Ornamental Fan"},{"floor":9,"key":"HornCleat"},{"floor":10,"key":"StrikeDummy"},{"floor":12,"key":"Letter Opener"}],"event_choices":[{"damage_healed":0,"gold_gain":0,"player_choice":"Success","damage_taken":5,"relics_obtained":["Kunai"],"max_hp_gain":0,"max_hp_loss":0,"event_name":"Scrap Ooze","floor":2,"gold_loss":0},{"damage_healed":0,"gold_gain":0,"player_choice":"Grow","damage_taken":0,"max_hp_gain":0,"max_hp_loss":0,"event_name":"Living Wall","floor":5,"gold_loss":0,"cards_upgraded":["Blur"]}],"is_beta":false,"boss_relics":[],"items_purged_floors":[3],"is_endless":false,"potions_floor_spawned":[1,4,14],"killed_by":"Slime Boss","ascension_level":20}