{"gold_per_floor":[111,41,60,10,28,28,40,40,40,69,23,35,60,60,60,162,162,179,36,48,73,87,87,98,98,98,98,125,125,166,178,178,290,290,305,325,343,362,386,429,429,429],"floor_reached":42,"playtime":2801,"items_purged":[],"score":483,"play_id":"1640ef72-9e2f-4562-8be1-00fb9a1d68c5","local_time":"20221125173716","is_ascension_mode":true,"campfire_choices":[{"data":"Noxious Fumes","floor":6.0,"key":"SMITH"},{"data":"Dodge and Roll","floor":8.0,"key":"SMITH"},{"data":"Blur","floor":15.0,"key":"SMITH"},{"data":"Neutralize","floor":23.0,"key":"SMITH"},{"data":"Prepared","floor":25.0,"key":"SMITH"},{"floor":27.0,"key":"RECALL"},{"data":"After Image","floor":32.0,"key":"SMITH"},{"floor":41.0,"key":"REST"}],"neow_cost":"NONE","seed_source_timestamp":863010026926700,"circlet_count":0,"master_deck":["Strike_G+1","Strike_G+1","Defend_G+1","Defend_G+1","Defend_G+1","Defend_G+1","Defend_G+1","Survivor+1","Neutralize+1","Backflip","Noxious Fumes+1","Dodge and Roll+1","Sucker Punch","Die Die Die","Poisoned Stab","Leg Sweep","Blur+1","Wraith Form v2","Prepared+1","Infinite Blades","Eviscerate+1","After Image+1","Unload","Bane+1","Dramatic Entrance","Tactician","Dash","Deflect+1","Backflip"],"special_seed":0,"relics":["Ring of the Snake","Shuriken","CaptainsWheel","Omamori","HoveringKite","Bronze Scales","CeramicFish","Boot","The Courier","Empty Cage","Bottled Tornado"],"potions_floor_usage":[42],"damage_taken":[{"damage":1.0,"enemies":"Small Slimes","floor":1.0,"turns":3.0},{"damage":0.0,"enemies":"2 Louse","floor":3.0,"turns":3.0},{"damage":3.0,"enemies":"Cultist","floor":5.0,"turns":4.0},{"damage":1.0,"enemies":"Red Slaver","floor":7.0,"turns":5.0},{"damage":4.0,"enemies":"Gremlin Nob","floor":10.0,"turns":3.0},{"damage":0.0,"enemies":"Blue Slaver","floor":12.0,"turns":4.0},{"damage":3.0,"enemies":"Lagavulin","floor":13.0,"turns":7.0},{"damage":24.0,"enemies":"Slime Boss","floor":16.0,"turns":12.0},{"damage":6.0,"enemies":"3 Byrds","floor":18.0,"turns":7.0},{"damage":7.0,"enemies":"Shell Parasite","floor":20.0,"turns":6.0},{"damage":0.0,"enemies":"3 Cultists","floor":22.0,"turns":5.0},{"damage":0.0,"enemies":"Sentry and Sphere","floor":24.0,"turns":6.0},{"damage":5.0,"enemies":"Chosen and Byrds","floor":28.0,"turns":5.0},{"damage":5.0,"enemies":"Book of Stabbing","floor":30.0,"turns":6.0},{"damage":0.0,"enemies":"Snake Plant","floor":31.0,"turns":5.0},{"damage":44.0,"enemies":"Champ","floor":33.0,"turns":12.0},{"damage":7.0,"enemies":"3 Darklings","floor":35.0,"turns":5.0},{"damage":7.0,"enemies":"3 Shapes","floor":36.0,"turns":5.0},{"damage":0.0,"enemies":"Maw","floor":38.0,"turns":7.0},{"damage":24.0,"enemies":"Transient","floor":39.0,"turns":5.0},{"damage":28.0,"enemies":"Nemesis","floor":40.0,"turns":13.0},{"damage":44,"enemies":"Giant Head","floor":42,"turns":10}],"seed_played":"-2670682311070569332","potions_obtained":[{"floor":1.0,"key":"Regen Potion"},{"floor":3.0,"key":"AttackPotion"},{"floor":5.0,"key":"CunningPotion"},{"floor":12.0,"key":"DuplicationPotion"},{"floor":24.0,"key":"Explosive Potion"},{"floor":28.0,"key":"PowerPotion"},{"floor":31.0,"key":"Swift Potion"},{"floor":35.0,"key":"FearPotion"},{"floor":36.0,"key":"Regen Potion"},{"floor":40.0,"key":"SkillPotion"}],"is_trial":false,"path_per_floor":["M","$","M","?","M","R","M","R","T","E","$","M","E","?","R","B",null,"M","$","M","T","M","R","M","R","T","R","M","?","E","M","R","B",null,"M","M","?","M","M","E","R","E"],"character_chosen":"THE_SILENT","items_purchased":["Noxious Fumes","Poisoned Stab","Bronze Scales"],"campfire_rested":1,"item_purchase_floors":[2,11,19],"current_hp_per_floor":[69,69,69,69,66,66,65,65,65,66,66,66,63,63,63,39,70,64,64,57,57,57,57,57,57,57,57,52,52,47,47,47,3,70,63,56,56,70,46,18,39,0],"gold":429,"neow_bonus":"UPGRADE_CARD","is_prod":false,"is_daily":false,"chose_seed":false,"campfire_upgraded":6,"win_rate":0,"timestamp":1669415836,"path_taken":["M","$","M","?","M","R","M","R","T","E","$","M","E","?","R","BOSS","M","$","?","?","?","R","M","R","T","R","M","?","E","M","R","BOSS","M","M","?","?","M","E","R","E"],"build_version":"2022-10-04","purchased_purges":0,"victory":false,"max_hp_per_floor":[70,70,70,70,70,70,70,70,70,70,70,70,70,70,70,70,70,70,70,70,70,70,70,70,70,70,70,70,70,70,70,70,70,70,70,70,70,70,70,70,70,70],"card_choices":[{"not_picked":["Endless Agony","Expertise"],"picked":"Backflip","floor":1.0},{"not_picked":["Blade Dance","Flying Knee"],"picked":"Dodge and Roll","floor":3.0},{"not_picked":["Prepared","Skewer"],"picked":"Sucker Punch","floor":5.0},{"not_picked":["Expertise","Outmaneuver","Slice"],"picked":"SKIP","floor":7.0},{"not_picked":["Terror","Deadly Poison"],"picked":"Die Die Die","floor":10.0},{"not_picked":["Flying Knee","Acrobatics"],"picked":"Leg Sweep","floor":12.0},{"not_picked":["Prepared","Dodge and Roll"],"picked":"Blur","floor":13.0},{"not_picked":["Burst","Venomology"],"picked":"Wraith Form v2","floor":16.0},{"not_picked":["Underhanded Strike+1","Calculated Gamble"],"picked":"Prepared","floor":18.0},{"not_picked":["Tactician+1","Heel Hook"],"picked":"Infinite Blades","floor":20.0},{"not_picked":["Underhanded Strike","Noxious Fumes","Acrobatics"],"picked":"SKIP","floor":22.0},{"not_picked":["Riddle With Holes","Deflect","A Thousand Cuts"],"picked":"SKIP","floor":24.0},{"not_picked":["Flechettes","Outmaneuver"],"picked":"Eviscerate+1","floor":28.0},{"not_picked":["Poisoned Stab","Bane+1"],"picked":"After Image","floor":30.0},{"not_picked":["Underhanded Strike","Flying Knee","Blade Dance+1"],"picked":"SKIP","floor":31.0},{"not_picked":["Corpse Explosion","Glass Knife"],"picked":"Unload","floor":33.0},{"not_picked":["Sucker Punch+1","Distraction","Crippling Poison+1"],"picked":"SKIP","floor":35.0},{"not_picked":["Dagger Spray","Catalyst"],"picked":"Bane+1","floor":36.0},{"not_picked":["All Out Attack","Predator+1"],"picked":"Dash","floor":38.0},{"not_picked":["Distraction+1","Poisoned Stab+1"],"picked":"Deflect+1","floor":39.0},{"not_picked":["Poisoned Stab","Distraction+1"],"picked":"Backflip","floor":40.0}],"player_experience":1226364,"relics_obtained":[{"floor":9.0,"key":"Shuriken"},{"floor":10.0,"key":"CaptainsWheel"},{"floor":13.0,"key":"Omamori"},{"floor":21.0,"key":"CeramicFish"},{"floor":26.0,"key":"Boot"},{"floor":30.0,"key":"The Courier"},{"floor":40.0,"key":"Bottled Tornado"}],"event_choices":[{"cards_removed":["Strike_G"],"damage_healed":0.0,"max_hp_gain":0.0,"max_hp_loss":0.0,"gold_gain":0.0,"event_name":"The Cleric","player_choice":"Card Removal","floor":4.0,"gold_loss":50.0,"damage_taken":0.0},{"damage_healed":0.0,"max_hp_gain":0.0,"max_hp_loss":0.0,"gold_gain":0.0,"event_name":"NoteForYourself","player_choice":"Ignored","floor":14.0,"gold_loss":0.0,"damage_taken":0.0},{"damage_healed":0.0,"max_hp_gain":0.0,"max_hp_loss":0.0,"gold_gain":0.0,"event_name":"Back to Basics","player_choice":"Simplicity","floor":29.0,"gold_loss":0.0,"damage_taken":0.0,"cards_upgraded":["Strike_G","Strike_G","Strike_G","Strike_G","Defend_G","Defend_G","Defend_G","Defend_G","Defend_G"]},{"damage_healed":0.0,"max_hp_gain":0.0,"max_hp_loss":0.0,"gold_gain":0.0,"event_name":"Match and Keep!","player_choice":"2 cards matched","floor":37.0,"gold_loss":0.0,"damage_taken":0.0,"cards_obtained":["Dramatic Entrance","Tactician"]}],"is_beta":false,"boss_relics":[{"not_picked":["WristBlade","Calling Bell"],"picked":"HoveringKite"},{"not_picked":["Runic Pyramid","Sozu"],"picked":"Empty Cage"}],"items_purged_floors":[],"is_endless":false,"potions_floor_spawned":[1,3,5,12,24,28,31,35,36,40],"killed_by":"Giant Head","ascension_level":1}