{"gold_per_floor":[109,34,112,112,112,143,143,172,172,172,182,201,201,224,224,224],"floor_reached":16,"playtime":492,"items_purged":[],"score":336,"play_id":"59c0615d-597e-4607-b80f-15c3543d0310","local_time":"20221125164904","is_ascension_mode":true,"campfire_choices":[{"data":"Survivor","floor":7,"key":"SMITH"},{"data":"Deadly Poison","floor":15,"key":"SMITH"}],"neow_cost":"NONE","seed_source_timestamp":862493845368200,"circlet_count":0,"master_deck":["AscendersBane","Strike_G","Strike_G","Defend_G","Defend_G","Defend_G","Defend_G","Defend_G","Survivor+1","Neutralize","Blade Dance","All Out Attack","Deadly Poison+1","Masterful Stab"],"relics":["Ring of the Snake","NeowsBlessing","White Beast Statue","Snake Skull","Bag of Marbles","Pear","Golden Idol"],"potions_floor_usage":[8,10,14,16,16],"damage_taken":[{"damage":0,"enemies":"Small Slimes","floor":1,"turns":1},{"damage":0,"enemies":"3 Sentries","floor":6,"turns":1},{"damage":0,"enemies":"Lagavulin","floor":8,"turns":3},{"damage":0,"enemies":"Gremlin Nob","floor":10,"turns":1},{"damage":4,"enemies":"Jaw Worm","floor":11,"turns":4},{"damage":0,"enemies":"2 Louse","floor":12,"turns":1},{"damage":14,"enemies":"Large Slime","floor":14,"turns":5},{"damage":35,"enemies":"Slime Boss","floor":16,"turns":6}],"seed_played":"-3161100491291691330","potions_obtained":[{"floor":1,"key":"SmokeBomb"},{"floor":6,"key":"ColorlessPotion"},{"floor":8,"key":"Ancient Potion"},{"floor":11,"key":"Regen Potion"},{"floor":14,"key":"SkillPotion"}],"is_trial":false,"path_per_floor":["M","?","T","?","?","E","R","E","T","E","M","M","?","M","R","B"],"character_chosen":"THE_SILENT","items_purchased":[],"campfire_rested":0,"item_purchase_floors":[],"current_hp_per_floor":[59,59,59,52,52,52,52,52,62,62,58,58,32,32,32,0],"gold":224,"neow_bonus":"THREE_ENEMY_KILL","is_prod":false,"is_daily":false,"chose_seed":false,"campfire_upgraded":2,"win_rate":0,"timestamp":1669412944,"path_taken":["M","?","?","?","?","E","R","E","T","E","M","?","?","M","R","BOSS"],"build_version":"2022-10-04","purchased_purges":0,"victory":false,"max_hp_per_floor":[66,66,66,66,66,66,66,66,76,76,76,76,76,76,76,76],"card_choices":[{"not_picked":["Dash","Cloak And Dagger"],"picked":"Blade Dance","floor":1},{"not_picked":["Cloak And Dagger","Dagger Spray","Quick Slash"],"picked":"SKIP","floor":6},{"not_picked":["Dagger Throw","PiercingWail"],"picked":"All Out Attack","floor":8},{"not_picked":["Slice","Poisoned Stab","Cloak And Dagger"],"picked":"SKIP","floor":11},{"not_picked":["Dodge and Roll","Envenom"],"picked":"Deadly Poison","floor":12},{"not_picked":["Dodge and Roll","Calculated Gamble"],"picked":"Masterful Stab","floor":14}],"player_experience":1225872,"relics_obtained":[{"floor":3,"key":"White Beast Statue"},{"floor":6,"key":"Snake Skull"},{"floor":8,"key":"Bag of Marbles"},{"floor":9,"key":"Pear"}],"event_choices":[{"cards_removed":["Strike_G"],"damage_healed":0,"gold_gain":0,"player_choice":"Card Removal","damage_taken":0,"max_hp_gain":0,"max_hp_loss":0,"event_name":"The Cleric","floor":2,"gold_loss":75},{"cards_removed":["Strike_G"],"damage_healed":0,"gold_gain":0,"player_choice":"Card Removal","damage_taken":7,"max_hp_gain":0,"max_hp_loss":0,"event_name":"Golden Wing","floor":4,"gold_loss":0},{"cards_removed":["Strike_G"],"damage_healed":0,"gold_gain":0,"player_choice":"Purged","damage_taken":0,"max_hp_gain":0,"max_hp_loss":0,"event_name":"Purifier","floor":5,"gold_loss":0},{"damage_healed":0,"gold_gain":0,"player_choice":"Take Damage","damage_taken":26,"relics_obtained":["Golden Idol"],"max_hp_gain":0,"max_hp_loss":0,"event_name":"Golden Idol","floor":13,"gold_loss":0}],"is_beta":false,"boss_relics":[],"items_purged_floors":[],"is_endless":false,"potions_floor_spawned":[1,6,8,10,11,12,14],"killed_by":"Slime Boss","ascension_level":20}