{"gold_per_floor":[119,139,159,171,246,246,275,275,275,4,179,179,179,193,193,291,291,311,311,321,321,236,236,269,24,47,67,82,92,117,117,117,212,212,228,228],"floor_reached":36,"playtime":1241,"items_purged":["Strike_G","Doubt"],"score":402,"play_id":"1d1a8642-6139-4f93-ae7d-3a8f7d50ce11","local_time":"20221209181455","is_ascension_mode":false,"campfire_choices":[{"data":"Die Die Die","floor":6,"key":"SMITH"},{"data":"Metamorphosis","floor":13,"key":"SMITH"},{"data":"Neutralize","floor":15,"key":"SMITH"},{"data":"Footwork","floor":23,"key":"SMITH"},{"floor":32,"key":"REST"}],"neow_cost":"NONE","seed_source_timestamp":262197537868800,"circlet_count":0,"master_deck":["Strike_G+1","Strike_G+1","Strike_G+1","Strike_G+1","Defend_G+1","Defend_G+1","Defend_G+1","Defend_G+1","Defend_G+1","Survivor","Neutralize+1","Die Die Die+1","Metamorphosis+1","Footwork+1","Adrenaline","Cloak And Dagger+1","Glass Knife","Acrobatics+1","Setup+1","Blur","Glass Knife"],"relics":["Ring of the Snake","NeowsBlessing","Oddly Smooth Stone","Tingsha","Mummified Hand","SacredBark","Akabeko","Whetstone","Dream Catcher","Art of War","Pantograph","HoveringKite"],"potions_floor_usage":[4,16,20,24,24,28,30,33],"damage_taken":[{"damage":0,"enemies":"Jaw Worm","floor":1,"turns":1},{"damage":0,"enemies":"Small Slimes","floor":2,"turns":1},{"damage":0,"enemies":"Cultist","floor":3,"turns":1},{"damage":0,"enemies":"2 Fungi Beasts","floor":4,"turns":2},{"damage":25,"enemies":"Gremlin Nob","floor":7,"turns":5},{"damage":0,"enemies":"Large Slime","floor":14,"turns":4},{"damage":57,"enemies":"Slime Boss","floor":16,"turns":11},{"damage":0,"enemies":"3 Byrds","floor":18,"turns":3},{"damage":0,"enemies":"Chosen","floor":20,"turns":3},{"damage":8,"enemies":"Slavers","floor":24,"turns":3},{"damage":3,"enemies":"Snecko","floor":27,"turns":5},{"damage":0,"enemies":"Centurion and Healer","floor":28,"turns":2},{"damage":3,"enemies":"3 Cultists","floor":29,"turns":5},{"damage":36,"enemies":"Gremlin Leader","floor":30,"turns":6},{"damage":30,"enemies":"Collector","floor":33,"turns":13},{"damage":5,"enemies":"Orb Walker","floor":35,"turns":4},{"damage":73,"enemies":"2 Orb Walkers","floor":36,"turns":5}],"seed_played":"-3713456063112536394","potions_obtained":[{"floor":2,"key":"SkillPotion"},{"floor":4,"key":"FairyPotion"},{"floor":7,"key":"SpeedPotion"},{"floor":16,"key":"GamblersBrew"},{"floor":18,"key":"Poison Potion"},{"floor":20,"key":"ColorlessPotion"},{"floor":27,"key":"DistilledChaos"},{"floor":29,"key":"ColorlessPotion"},{"floor":30,"key":"Ancient Potion"}],"is_trial":false,"path_per_floor":["M","M","M","M","?","R","E","?","T","$","?","?","R","M","R","B",null,"M","?","M","?","?","R","E","$","T","M","M","M","E","T","R","B",null,"M","?"],"character_chosen":"THE_SILENT","items_purchased":["Metamorphosis","Glass Knife"],"campfire_rested":1,"item_purchase_floors":[10,25],"current_hp_per_floor":[70,70,70,70,59,59,34,22,22,22,22,45,45,45,45,14,70,70,70,70,70,70,70,62,62,62,59,59,56,20,20,41,36,70,65,0],"gold":228,"neow_bonus":"THREE_ENEMY_KILL","is_prod":false,"is_daily":false,"chose_seed":false,"campfire_upgraded":4,"win_rate":0,"timestamp":1670627695,"path_taken":["M","M","M","M","?","R","E","?","T","$","?","?","R","M","R","BOSS","M","?","M","?","?","R","E","$","T","M","M","M","E","?","R","BOSS","M","?"],"build_version":"2022-12-01","purchased_purges":2,"victory":false,"max_hp_per_floor":[70,70,70,70,70,70,70,70,70,70,70,70,70,70,70,70,70,70,70,70,70,70,70,70,70,70,70,70,70,70,70,70,70,70,70,70],"card_choices":[{"not_picked":["Blade Dance","Flying Knee","Backflip"],"picked":"SKIP","floor":1},{"not_picked":["Cloak And Dagger","Bouncing Flask","Eviscerate"],"picked":"SKIP","floor":2},{"not_picked":["Sucker Punch","Prepared"],"picked":"Die Die Die","floor":3},{"not_picked":["Dagger Throw","Heel Hook","Leg Sweep"],"picked":"SKIP","floor":4},{"not_picked":["Bouncing Flask","Bane","Crippling Poison"],"picked":"SKIP","floor":7},{"not_picked":["Well Laid Plans","Bouncing Flask"],"picked":"Footwork","floor":14},{"not_picked":["Envenom","A Thousand Cuts"],"picked":"Adrenaline","floor":16},{"not_picked":["Flying Knee","PiercingWail","Quick Slash"],"picked":"SKIP","floor":18},{"not_picked":["Prepared","Slice","Bane"],"picked":"SKIP","floor":20},{"not_picked":["Bane","Infinite Blades"],"picked":"Cloak And Dagger+1","floor":24},{"not_picked":["Envenom","Prepared"],"picked":"Acrobatics+1","floor":27},{"not_picked":["Quick Slash+1","Sucker Punch"],"picked":"Setup+1","floor":28},{"not_picked":["Quick Slash","Outmaneuver+1","Prepared"],"picked":"SKIP","floor":29},{"not_picked":["Dodge and Roll","Eviscerate","Expertise"],"picked":"SKIP","floor":30},{"not_picked":["Sucker Punch","Dagger Spray"],"picked":"Blur","floor":32},{"not_picked":["Corpse Explosion","Tools of the Trade"],"picked":"Glass Knife","floor":33},{"not_picked":["Flying Knee+1","Dodge and Roll","Catalyst"],"picked":"SKIP","floor":35}],"player_experience":1277010,"relics_obtained":[{"floor":7,"key":"Oddly Smooth Stone"},{"floor":9,"key":"Mummified Hand"},{"floor":24,"key":"Whetstone"},{"floor":26,"key":"Dream Catcher"},{"floor":30,"key":"Art of War"},{"floor":31,"key":"Pantograph"}],"event_choices":[{"damage_healed":0,"gold_gain":75,"player_choice":"Gather Gold","damage_taken":11,"max_hp_gain":0,"max_hp_loss":0,"event_name":"World of Goop","floor":5,"gold_loss":0},{"damage_healed":0,"gold_gain":0,"player_choice":"Success","damage_taken":12,"relics_obtained":["Tingsha"],"max_hp_gain":0,"max_hp_loss":0,"event_name":"Scrap Ooze","floor":8,"gold_loss":0},{"damage_healed":0,"gold_gain":175,"player_choice":"AGREE","damage_taken":0,"max_hp_gain":0,"max_hp_loss":0,"event_name":"Liars Game","floor":11,"gold_loss":0,"cards_obtained":["Doubt"]},{"damage_healed":23,"gold_gain":0,"player_choice":"Banana","damage_taken":0,"max_hp_gain":0,"max_hp_loss":0,"event_name":"Big Fish","floor":12,"gold_loss":0},{"damage_healed":0,"gold_gain":0,"player_choice":"Ignored","damage_taken":0,"max_hp_gain":0,"max_hp_loss":0,"event_name":"betterNote:BetterNote","floor":19,"gold_loss":0,"cards_obtained":["Limit Break"]},{"damage_healed":0,"gold_gain":0,"player_choice":"Simplicity","damage_taken":0,"max_hp_gain":0,"max_hp_loss":0,"event_name":"Back to Basics","floor":21,"gold_loss":0,"cards_upgraded":["Strike_G","Strike_G","Strike_G","Strike_G","Defend_G","Defend_G","Defend_G","Defend_G","Defend_G"]},{"damage_healed":0,"gold_gain":0,"player_choice":"Obtained Relic","damage_taken":0,"relics_obtained":["Akabeko"],"max_hp_gain":0,"max_hp_loss":0,"event_name":"Addict","floor":22,"gold_loss":85},{"damage_healed":0,"gold_gain":0,"player_choice":"Fight","damage_taken":0,"max_hp_gain":0,"max_hp_loss":0,"event_name":"Mysterious Sphere","floor":36,"gold_loss":0}],"is_beta":false,"boss_relics":[{"not_picked":["Philosopher\u0027s Stone","Ectoplasm"],"picked":"SacredBark"},{"not_picked":["Runic Dome","Astrolabe"],"picked":"HoveringKite"}],"items_purged_floors":[10,25],"is_endless":false,"potions_floor_spawned":[2,4,7,16,18,20,27,29,30],"killed_by":"2 Orb Walkers","ascension_level":0}