{"gold_per_floor":[118,118,129,129,15,15,43,43,116,116],"floor_reached":10,"playtime":275,"items_purged":[],"score":128,"play_id":"464c368e-2b24-4c0e-b064-53cb37f24dd0","local_time":"20221208223245","is_ascension_mode":true,"campfire_choices":[{"floor":6,"key":"REST"},{"data":"Footwork","floor":8,"key":"SMITH"}],"neow_cost":"NONE","seed_source_timestamp":192236315736400,"circlet_count":0,"master_deck":["AscendersBane","Strike_G","Strike_G","Strike_G","Strike_G+1","Strike_G","Defend_G","Defend_G+1","Defend_G","Defend_G","Survivor","Neutralize","Corpse Explosion","Blur","Backflip","Footwork+1","Quick Slash","PiercingWail"],"relics":["Ring of the Snake","Snake Skull","Molten Egg 2"],"potions_floor_usage":[7,10],"damage_taken":[{"damage":2,"enemies":"Cultist","floor":1,"turns":5},{"damage":8,"enemies":"Small Slimes","floor":3,"turns":3},{"damage":9,"enemies":"3 Sentries","floor":7,"turns":6},{"damage":45,"enemies":"Gremlin Nob","floor":10,"turns":4}],"seed_played":"1893525683879664074","potions_obtained":[{"floor":3,"key":"CunningPotion"},{"floor":7,"key":"LiquidBronze"}],"is_trial":false,"path_per_floor":["M","?","M","?","$","R","E","R","T","E"],"character_chosen":"THE_SILENT","items_purchased":["Footwork","Quick Slash"],"campfire_rested":1,"item_purchase_floors":[5,5],"current_hp_per_floor":[57,37,29,22,22,41,32,32,32,0],"gold":116,"neow_bonus":"ONE_RANDOM_RARE_CARD","is_prod":false,"is_daily":false,"chose_seed":false,"campfire_upgraded":1,"win_rate":0,"timestamp":1670556765,"path_taken":["M","?","M","?","$","R","E","R","T","E"],"build_version":"2022-12-01","purchased_purges":0,"victory":false,"max_hp_per_floor":[66,66,66,66,66,66,66,66,66,66],"card_choices":[{"not_picked":["Dagger Throw","Backflip"],"picked":"Blur","floor":1},{"not_picked":["Quick Slash","Dagger Throw"],"picked":"Backflip","floor":3},{"not_picked":["Quick Slash","All Out Attack"],"picked":"PiercingWail","floor":7}],"player_experience":1276735,"relics_obtained":[{"floor":7,"key":"Snake Skull"},{"floor":9,"key":"Molten Egg 2"}],"event_choices":[{"damage_healed":0,"gold_gain":0,"player_choice":"Entered Light","damage_taken":20,"max_hp_gain":0,"max_hp_loss":0,"event_name":"Shining Light","floor":2,"gold_loss":0,"cards_upgraded":["Defend_G","Strike_G"]},{"cards_removed":["Defend_G"],"damage_healed":0,"gold_gain":0,"player_choice":"Card Removal","damage_taken":7,"max_hp_gain":0,"max_hp_loss":0,"event_name":"Golden Wing","floor":4,"gold_loss":0}],"is_beta":false,"boss_relics":[],"items_purged_floors":[],"is_endless":false,"potions_floor_spawned":[3,7],"killed_by":"Gremlin Nob","ascension_level":20}