{"gold_per_floor":[118,128,138,138,153,179,199,217,217,230,230,257,257,29,29,134,134,152,0,100,170,170,501,512,532,532,532,532,551,551,28,28,125,125,139,139,150,150,150,150,150,185,185,185,185,185,19,47,47,47],"floor_reached":50,"playtime":3615,"items_purged":["Parasite","Strike_G"],"score":627,"play_id":"1eec5d20-5e8f-4cae-b01f-2f0810aa6801","local_time":"20221213180134","is_ascension_mode":true,"campfire_choices":[{"floor":15,"key":"REST"},{"floor":27,"key":"REST"},{"floor":30,"key":"REST"},{"data":"Tools of the Trade","floor":32,"key":"SMITH"},{"data":"Tactician","floor":40,"key":"SMITH"},{"data":"Tactician","floor":46,"key":"SMITH"},{"floor":49,"key":"REST"}],"neow_cost":"NONE","seed_source_timestamp":604628667224700,"circlet_count":0,"master_deck":["Strike_G","Strike_G+1","Defend_G+1","Defend_G","Defend_G","Defend_G","Defend_G","Survivor","Neutralize","Eviscerate","Riddle With Holes","Prepared+1","Escape Plan","Calculated Gamble","Backstab","Prepared+1","Acrobatics","Footwork","Tactician+1","Discovery","Footwork","Tools of the Trade+1","Underhanded Strike","Tactician+1","Crippling Poison","Flechettes+1","PiercingWail+1","Escape Plan+1","Malaise","Calculated Gamble","After Image+1","Blur+1","Decay","Panacea","Dark Shackles","Blind","Reflex","PanicButton","Outmaneuver+1","Calculated Gamble+1"],"relics":["Ring of the Serpent","Oddly Smooth Stone","Lizard Tail","Dream Catcher","Black Star","StrikeDummy","Paper Crane","Old Coin","Juzu Bracelet","Unceasing Top","War Paint","Omamori","Lantern","Bag of Preparation","Bottled Tornado","Bird Faced Urn"],"potions_floor_usage":[1,2,6,6,7,8,12,16,23,23,23,24,33,33,50],"damage_taken":[{"damage":0,"enemies":"Cultist","floor":1,"turns":3},{"damage":1,"enemies":"Small Slimes","floor":2,"turns":3},{"damage":3,"enemies":"Jaw Worm","floor":3,"turns":2},{"damage":8,"enemies":"2 Fungi Beasts","floor":5,"turns":3},{"damage":21,"enemies":"Lagavulin","floor":6,"turns":6},{"damage":0,"enemies":"Exordium Thugs","floor":7,"turns":3},{"damage":0,"enemies":"Blue Slaver","floor":8,"turns":2},{"damage":4,"enemies":"Looter","floor":10,"turns":2},{"damage":6,"enemies":"3 Sentries","floor":12,"turns":8},{"damage":46,"enemies":"Slime Boss","floor":16,"turns":11},{"damage":23,"enemies":"Spheric Guardian","floor":18,"turns":6},{"damage":4,"enemies":"Slavers","floor":23,"turns":5},{"damage":18,"enemies":"2 Thieves","floor":24,"turns":4},{"damage":12,"enemies":"Snake Plant","floor":25,"turns":6},{"damage":8,"enemies":"Cultist and Chosen","floor":29,"turns":8},{"damage":22,"enemies":"Collector","floor":33,"turns":9},{"damage":7,"enemies":"3 Shapes","floor":35,"turns":7},{"damage":8,"enemies":"Orb Walker","floor":37,"turns":5},{"damage":20,"enemies":"Nemesis","floor":42,"turns":13},{"damage":20,"enemies":"Reptomancer","floor":48,"turns":11},{"damage":124,"enemies":"Time Eater","floor":50,"turns":29}],"seed_played":"6971824769997466977","potions_obtained":[{"floor":0,"key":"Ancient Potion"},{"floor":0,"key":"FearPotion"},{"floor":0,"key":"FearPotion"},{"floor":1,"key":"Strength Potion"},{"floor":4,"key":"GhostInAJar"},{"floor":6,"key":"Explosive Potion"},{"floor":7,"key":"Weak Potion"},{"floor":10,"key":"Energy Potion"},{"floor":16,"key":"BlessingOfTheForge"},{"floor":18,"key":"EntropicBrew"},{"floor":25,"key":"SneckoOil"},{"floor":42,"key":"Energy Potion"}],"is_trial":false,"path_per_floor":["M","M","M","?","M","E","M","M","T","M","?","E","?","$","R","B",null,"M","$","?","T","?","E","M","M","T","R","?","M","R","$","R","B",null,"M","?","M","?","?","R","?","E","T","?","?","R","$","E","R","B"],"character_chosen":"THE_SILENT","items_purchased":["Tactician","Discovery","Underhanded Strike","Unceasing Top","Calculated Gamble","War Paint","Reflex","PanicButton"],"campfire_rested":4,"item_purchase_floors":[14,14,19,31,31,31,47,47],"current_hp_per_floor":[70,69,66,66,58,37,37,37,37,33,19,13,30,30,50,4,67,44,44,44,44,44,40,22,10,10,30,30,22,42,42,42,20,67,60,60,52,52,52,52,42,22,22,22,39,39,39,19,39,0],"gold":47,"neow_bonus":"THREE_SMALL_POTIONS","is_prod":false,"is_daily":false,"chose_seed":false,"campfire_upgraded":3,"win_rate":0,"timestamp":1670972494,"path_taken":["M","M","?","?","M","E","M","?","T","M","?","E","?","$","R","BOSS","M","$","?","?","?","E","M","?","T","R","?","M","R","$","R","BOSS","M","?","M","?","?","R","?","E","T","?","?","R","$","E","R","BOSS"],"build_version":"2022-12-01","purchased_purges":2,"victory":false,"max_hp_per_floor":[70,70,70,70,70,70,70,70,70,70,70,70,70,67,67,67,67,67,67,67,67,67,67,67,67,67,67,67,67,67,67,67,67,67,67,67,67,67,67,67,67,67,67,67,67,67,67,67,67,67],"card_choices":[{"not_picked":["Catalyst","Cloak And Dagger"],"picked":"Eviscerate","floor":1},{"not_picked":["Outmaneuver","Eviscerate"],"picked":"Riddle With Holes","floor":2},{"not_picked":["Leg Sweep","Bouncing Flask"],"picked":"Prepared","floor":3},{"not_picked":["Catalyst","Distraction"],"picked":"Escape Plan","floor":5},{"not_picked":["Cloak And Dagger","Blur"],"picked":"Calculated Gamble","floor":6},{"not_picked":["Deadly Poison","Cloak And Dagger"],"picked":"Backstab","floor":7},{"not_picked":["Quick Slash","Sucker Punch"],"picked":"Prepared","floor":8},{"not_picked":["Blade Dance","Poisoned Stab"],"picked":"Acrobatics","floor":10},{"not_picked":["Escape Plan","Slice"],"picked":"Footwork","floor":12},{"not_picked":["Terror","Escape Plan"],"picked":"Footwork","floor":15},{"not_picked":["Phantasmal Killer","Adrenaline"],"picked":"Tools of the Trade","floor":16},{"not_picked":["Predator","Deadly Poison","Escape Plan"],"picked":"SKIP","floor":18},{"not_picked":["Leg Sweep","Backstab"],"picked":"Crippling Poison","floor":23},{"not_picked":["Caltrops+1","Footwork"],"picked":"Flechettes+1","floor":24},{"not_picked":["Dagger Spray+1","Deadly Poison"],"picked":"PiercingWail+1","floor":25},{"not_picked":["Poisoned Stab+1","Flying Knee"],"picked":"Escape Plan+1","floor":27},{"not_picked":["Blade Dance","Flechettes","Quick Slash"],"picked":"SKIP","floor":29},{"not_picked":["Acrobatics","Choke"],"picked":"Malaise","floor":30},{"not_picked":["Corpse Explosion","Glass Knife"],"picked":"After Image","floor":33},{"not_picked":["Outmaneuver","Quick Slash","Blade Dance+1"],"picked":"SKIP","floor":35},{"not_picked":["Deflect","All Out Attack"],"picked":"Blur+1","floor":37},{"not_picked":["Bandage Up","Deep Breath"],"picked":"Panacea","floor":41},{"not_picked":["Finesse","Purity"],"picked":"Dark Shackles","floor":41},{"not_picked":["Jack Of All Trades","Bandage Up"],"picked":"Blind","floor":41},{"not_picked":["Backflip+1","Dodge and Roll","Acrobatics"],"picked":"SKIP","floor":42},{"not_picked":["Sucker Punch+1","Masterful Stab+1"],"picked":"Outmaneuver+1","floor":48},{"not_picked":["Bane+1","Dagger Spray"],"picked":"Calculated Gamble+1","floor":49}],"player_experience":1341752,"relics_obtained":[{"floor":6,"key":"Oddly Smooth Stone"},{"floor":9,"key":"Lizard Tail"},{"floor":12,"key":"Dream Catcher"},{"floor":21,"key":"StrikeDummy"},{"floor":23,"key":"Paper Crane"},{"floor":23,"key":"Old Coin"},{"floor":26,"key":"Juzu Bracelet"},{"floor":42,"key":"Omamori"},{"floor":42,"key":"Lantern"},{"floor":43,"key":"Bag of Preparation"},{"floor":48,"key":"Bottled Tornado"},{"floor":48,"key":"Bird Faced Urn"}],"event_choices":[{"damage_healed":0,"gold_gain":0,"player_choice":"Got Potions","damage_taken":0,"max_hp_gain":0,"max_hp_loss":0,"event_name":"Lab","floor":4,"gold_loss":0},{"damage_healed":0,"gold_gain":0,"player_choice":"Entered Light","damage_taken":14,"max_hp_gain":0,"max_hp_loss":0,"event_name":"Shining Light","floor":11,"gold_loss":0,"cards_upgraded":["Strike_G","Prepared"]},{"damage_healed":17,"gold_gain":0,"player_choice":"Healed and dodged fight","damage_taken":0,"max_hp_gain":0,"max_hp_loss":0,"event_name":"Mushrooms","floor":13,"gold_loss":0,"cards_obtained":["Parasite"]},{"damage_healed":0,"gold_gain":100,"player_choice":"Pray","damage_taken":0,"max_hp_gain":0,"max_hp_loss":0,"event_name":"Golden Shrine","floor":20,"gold_loss":0},{"damage_healed":0,"gold_gain":0,"player_choice":"Copied","damage_taken":0,"max_hp_gain":0,"max_hp_loss":0,"event_name":"Duplicator","floor":22,"gold_loss":0,"cards_obtained":["Tactician"]},{"cards_removed":["Strike_G"],"damage_healed":0,"gold_gain":0,"player_choice":"Offered Basic","damage_taken":0,"max_hp_gain":0,"max_hp_loss":0,"event_name":"Bonfire Elementals","floor":28,"gold_loss":0},{"damage_healed":0,"gold_gain":0,"player_choice":"Forge","damage_taken":0,"max_hp_gain":0,"max_hp_loss":0,"event_name":"Accursed Blacksmith","floor":36,"gold_loss":0,"cards_upgraded":["After Image"]},{"damage_healed":0,"gold_gain":0,"player_choice":"Cursed","damage_taken":0,"max_hp_gain":0,"max_hp_loss":0,"event_name":"Wheel of Change","floor":38,"gold_loss":0,"cards_obtained":["Decay"]},{"damage_healed":0,"gold_gain":0,"player_choice":"Ignored","damage_taken":0,"max_hp_gain":0,"max_hp_loss":0,"event_name":"Tomb of Lord Red Mask","floor":39,"gold_loss":0},{"damage_healed":0,"gold_gain":0,"player_choice":"Memory 3","damage_taken":10,"max_hp_gain":0,"max_hp_loss":0,"event_name":"SensoryStone","floor":41,"gold_loss":0},{"cards_removed":["Strike_G"],"damage_healed":0,"gold_gain":0,"player_choice":"Removed Attack","damage_taken":0,"max_hp_gain":0,"max_hp_loss":0,"event_name":"Falling","floor":44,"gold_loss":0},{"damage_healed":17,"gold_gain":0,"player_choice":"Writhe","damage_taken":0,"max_hp_gain":0,"max_hp_loss":0,"event_name":"Winding Halls","floor":45,"gold_loss":0,"cards_obtained":["Writhe"]}],"is_beta":false,"boss_relics":[{"not_picked":["Calling Bell","Fusion Hammer"],"picked":"Black Star"},{"not_picked":["Sozu","SacredBark"],"picked":"Ring of the Serpent"}],"items_purged_floors":[14,19],"is_endless":false,"potions_floor_spawned":[1,6,7,10,16,18,25,42],"killed_by":"Time Eater","ascension_level":1}