{"gold_per_floor":[111,111,127,127,137,137,171,182,209,17,37,37,49,84,84,157,157,157],"floor_reached":18,"playtime":1006,"items_purged":[],"score":344,"play_id":"bd43ff12-40c8-4ea7-904d-1919091e4f09","local_time":"20221208210148","is_ascension_mode":true,"campfire_choices":[{"data":"Adrenaline","floor":6,"key":"SMITH"},{"floor":15,"key":"REST"}],"neow_cost":"TEN_PERCENT_HP_LOSS","seed_source_timestamp":186047472631600,"circlet_count":0,"master_deck":["AscendersBane","Strike_G","Strike_G","Strike_G","Strike_G","Defend_G","Defend_G","Defend_G","Defend_G","Survivor","Neutralize","Adrenaline+1","Cloak And Dagger+1","Slice","Dagger Throw","Underhanded Strike","Dagger Throw","Acrobatics","Die Die Die","Caltrops","Leg Sweep","Distraction","Corpse Explosion"],"relics":["Ring of the Snake","Blood Vial","Orichalcum","Boot","Runic Pyramid"],"potions_floor_usage":[7,11,13,15,16,16],"damage_taken":[{"damage":0,"enemies":"Small Slimes","floor":1,"turns":4},{"damage":0,"enemies":"Cultist","floor":3,"turns":3},{"damage":0,"enemies":"2 Louse","floor":5,"turns":2},{"damage":25,"enemies":"3 Sentries","floor":7,"turns":9},{"damage":2,"enemies":"Blue Slaver","floor":8,"turns":3},{"damage":7,"enemies":"Large Slime","floor":11,"turns":4},{"damage":0,"enemies":"3 Louse","floor":13,"turns":2},{"damage":20,"enemies":"Lagavulin","floor":14,"turns":6},{"damage":8,"enemies":"The Guardian","floor":16,"turns":13},{"damage":15,"enemies":"Shell Parasite","floor":18,"turns":3}],"seed_played":"5046717743796298497","potions_obtained":[{"floor":5,"key":"AttackPotion"},{"floor":7,"key":"Weak Potion"},{"floor":11,"key":"FearPotion"},{"floor":14,"key":"EntropicBrew"}],"is_trial":false,"path_per_floor":["M","?","M","?","M","R","E","M","T","$","M","?","M","E","R","B",null,"M"],"character_chosen":"THE_SILENT","items_purchased":["Die Die Die","Caltrops"],"campfire_rested":1,"item_purchase_floors":[10,10],"current_hp_per_floor":[59,59,59,59,59,59,34,34,34,34,29,22,24,6,24,18,50,37],"gold":157,"neow_bonus":"THREE_RARE_CARDS","is_prod":false,"is_daily":false,"chose_seed":false,"campfire_upgraded":1,"win_rate":0,"timestamp":1670551308,"path_taken":["M","?","?","?","M","R","E","M","T","$","M","?","M","E","R","BOSS","M"],"build_version":"2022-12-01","purchased_purges":0,"victory":false,"max_hp_per_floor":[60,60,60,60,60,60,60,60,60,60,60,60,60,60,60,60,60,60],"card_choices":[{"not_picked":["Unload","Doppelganger"],"picked":"Adrenaline","floor":0},{"not_picked":["Deflect","Endless Agony"],"picked":"Cloak And Dagger","floor":1},{"not_picked":["Outmaneuver","Poisoned Stab"],"picked":"Slice","floor":3},{"not_picked":["Skewer","Prepared"],"picked":"Underhanded Strike","floor":5},{"not_picked":["Sucker Punch","Tactician"],"picked":"Dagger Throw","floor":7},{"not_picked":["Heel Hook","Deadly Poison"],"picked":"Acrobatics","floor":8},{"not_picked":["Quick Slash","Acrobatics"],"picked":"Leg Sweep","floor":11},{"not_picked":["Dodge and Roll","Slice","Deadly Poison"],"picked":"SKIP","floor":13},{"not_picked":["Dodge and Roll","Flying Knee"],"picked":"Distraction","floor":14},{"not_picked":["Wraith Form v2","Storm of Steel"],"picked":"Corpse Explosion","floor":16}],"player_experience":1270816,"relics_obtained":[{"floor":7,"key":"Blood Vial"},{"floor":9,"key":"Orichalcum"},{"floor":14,"key":"Boot"}],"event_choices":[{"damage_healed":0,"gold_gain":0,"player_choice":"Upgraded","damage_taken":0,"max_hp_gain":0,"max_hp_loss":0,"event_name":"Upgrade Shrine","floor":2,"gold_loss":0,"cards_upgraded":["Cloak And Dagger"]},{"damage_healed":0,"gold_gain":0,"cards_transformed":["Strike_G"],"player_choice":"Change","damage_taken":0,"max_hp_gain":0,"max_hp_loss":0,"event_name":"Living Wall","floor":4,"gold_loss":0,"cards_obtained":["Dagger Throw"]},{"cards_removed":["Defend_G"],"damage_healed":0,"gold_gain":0,"player_choice":"Card Removal","damage_taken":7,"max_hp_gain":0,"max_hp_loss":0,"event_name":"Golden Wing","floor":12,"gold_loss":0}],"is_beta":false,"boss_relics":[{"not_picked":["Ectoplasm","Busted Crown"],"picked":"Runic Pyramid"}],"items_purged_floors":[],"is_endless":false,"potions_floor_spawned":[5,7,11,14],"killed_by":"Shell Parasite","ascension_level":20}