{"gold_per_floor":[113,113,188,17,35,35,65,65,65,77,77,97,125,50,50,150,150,168,138,138,150,5,22,22,57,57,57,75,92,127,127,127,223,223,239,239,15,61,111,138,154,154,208,218,237,237,237,266,266,266,266,266,25,57,57],"floor_reached":56,"playtime":5704,"items_purged":["Strike_G","Clumsy","Pain","Decay"],"score":1251,"play_id":"29842417-23b3-4b74-9af5-2b3d1486fd3b","local_time":"20221212105743","is_ascension_mode":false,"campfire_choices":[{"data":"Well Laid Plans","floor":6.0,"key":"SMITH"},{"floor":8.0,"key":"REST"},{"data":"Envenom","floor":11.0,"key":"SMITH"},{"floor":15.0,"key":"REST"},{"data":"Cloak And Dagger","floor":24.0,"key":"SMITH"},{"data":"Cloak And Dagger","floor":32.0,"key":"SMITH"},{"floor":42.0,"key":"RECALL"},{"data":"Burst","floor":47.0,"key":"SMITH"},{"data":"Tactician","floor":49.0,"key":"SMITH"},{"data":"Calculated Gamble","floor":52.0,"key":"SMITH"}],"neow_cost":"PERCENT_DAMAGE","seed_source_timestamp":490496305692100,"circlet_count":0,"master_deck":["Strike_G","Strike_G","Strike_G","Strike_G","Defend_G","Defend_G","Defend_G","Defend_G","Survivor","Neutralize","Burst+1","Underhanded Strike","Well Laid Plans+1","Dagger Spray","Cloak And Dagger+1","Prepared","Envenom+1","Tactician+1","Crippling Poison","Deadly Poison","After Image","Deflect+1","Leg Sweep","Acrobatics","Cloak And Dagger+1","Reflex","Predator","Bane","Concentrate","Infinite Blades","Corpse Explosion","Dagger Throw","Underhanded Strike","Calculated Gamble+1","Acrobatics+1","Venomology","Prepared","Writhe","Dark Shackles"],"special_seed":0,"relics":["Ring of the Snake","Ninja Scroll","Paper Crane","Bottled Tornado","Cursed Key","Gambling Chip","Smiling Mask","Kunai","Pear","Runic Pyramid","Membership Card","Ginger","Dead Branch","Torii","White Beast Statue","Incense Burner","TungstenRod"],"potions_floor_usage":[54,55,55],"damage_taken":[{"damage":2.0,"enemies":"Small Slimes","floor":1.0,"turns":5.0},{"damage":0.0,"enemies":"Jaw Worm","floor":5.0,"turns":5.0},{"damage":48.0,"enemies":"Lagavulin","floor":7.0,"turns":12.0},{"damage":0.0,"enemies":"2 Louse","floor":10.0,"turns":1.0},{"damage":0.0,"enemies":"2 Fungi Beasts","floor":12.0,"turns":3.0},{"damage":27.0,"enemies":"3 Sentries","floor":13.0,"turns":8.0},{"damage":7.0,"enemies":"The Guardian","floor":16.0,"turns":8.0},{"damage":3.0,"enemies":"Shell Parasite","floor":18.0,"turns":7.0},{"damage":9.0,"enemies":"Spheric Guardian","floor":21.0,"turns":6.0},{"damage":0.0,"enemies":"Centurion and Healer","floor":23.0,"turns":5.0},{"damage":6.0,"enemies":"Book of Stabbing","floor":25.0,"turns":6.0},{"damage":3.0,"enemies":"Snake Plant","floor":28.0,"turns":5.0},{"damage":5.0,"enemies":"3 Cultists","floor":29.0,"turns":7.0},{"damage":2.0,"enemies":"Slavers","floor":30.0,"turns":4.0},{"damage":8.0,"enemies":"Champ","floor":33.0,"turns":14.0},{"damage":8.0,"enemies":"Orb Walker","floor":35.0,"turns":3.0},{"damage":19.0,"enemies":"2 Orb Walkers","floor":38.0,"turns":2.0},{"damage":0.0,"enemies":"Mind Bloom Boss Battle","floor":39.0,"turns":7.0},{"damage":20.0,"enemies":"Giant Head","floor":40.0,"turns":7.0},{"damage":1.0,"enemies":"3 Darklings","floor":41.0,"turns":3.0},{"damage":0.0,"enemies":"Jaw Worm Horde","floor":44.0,"turns":2.0},{"damage":1.0,"enemies":"4 Shapes","floor":45.0,"turns":4.0},{"damage":0.0,"enemies":"Reptomancer","floor":48.0,"turns":7.0},{"damage":1.0,"enemies":"Donu and Deca","floor":50.0,"turns":5.0},{"damage":34,"enemies":"Shield and Spear","floor":54,"turns":6},{"damage":31,"enemies":"The Heart","floor":55,"turns":9}],"seed_played":"1507958957454339809","potions_obtained":[{"floor":7.0,"key":"BlessingOfTheForge"},{"floor":10.0,"key":"SkillPotion"},{"floor":18.0,"key":"LiquidBronze"},{"floor":19.0,"key":"Poison Potion"},{"floor":19.0,"key":"FairyPotion"},{"floor":21.0,"key":"AttackPotion"},{"floor":25.0,"key":"AttackPotion"},{"floor":41.0,"key":"BlessingOfTheForge"},{"floor":44.0,"key":"Strength Potion"},{"floor":54,"key":"Weak Potion"}],"is_trial":false,"path_per_floor":["M","?","?","$","M","R","E","R","T","M","R","M","E","$","R","B",null,"M","?","T","M","$","M","R","E","T","?","M","M","E","?","R","B",null,"M","?","$","?","?","E","M","R","T","M","M","?","R","E","R","B",null,"R","$","E","B",null],"character_chosen":"THE_SILENT","items_purchased":["Well Laid Plans","Dagger Spray","Cloak And Dagger","Acrobatics","Membership Card","Dagger Throw","Incense Burner","Dark Shackles"],"campfire_rested":2,"item_purchase_floors":[4,4,4,22,37,37,53,53],"current_hp_per_floor":[47,70,59,59,59,59,11,32,32,32,32,32,5,5,26,19,70,67,67,67,58,58,58,58,52,52,52,49,44,52,52,52,44,80,72,72,72,53,53,33,32,32,32,32,31,51,51,51,51,50,80,80,80,46,15],"gold":57,"neow_bonus":"THREE_RARE_CARDS","is_prod":false,"is_daily":false,"chose_seed":false,"campfire_upgraded":7,"win_rate":0,"timestamp":1670860663,"path_taken":["M","?","?","$","M","R","E","R","T","M","R","M","E","$","R","BOSS","M","?","?","M","$","M","R","E","T","?","M","?","E","?","R","BOSS","M","?","$","?","?","E","M","R","T","M","M","?","R","E","R","BOSS","R","$","E","BOSS"],"build_version":"2022-12-01","purchased_purges":4,"victory":true,"max_hp_per_floor":[70,70,70,70,70,70,70,70,70,70,70,70,70,70,70,70,70,70,70,70,70,70,70,70,70,70,70,70,70,80,80,80,80,80,80,80,80,80,80,80,80,80,80,80,80,80,80,80,80,80,80,80,80,80,80],"card_choices":[{"not_picked":["Night Terror","Doppelganger"],"picked":"Burst","floor":0.0},{"not_picked":["Sucker Punch","Quick Slash"],"picked":"Underhanded Strike","floor":1.0},{"not_picked":["Caltrops","Bane"],"picked":"Prepared","floor":5.0},{"not_picked":["Calculated Gamble","Crippling Poison"],"picked":"Envenom","floor":7.0},{"not_picked":["Cloak And Dagger","Well Laid Plans"],"picked":"Tactician","floor":10.0},{"not_picked":["Deflect","Flying Knee"],"picked":"Crippling Poison","floor":12.0},{"not_picked":["Flying Knee","PiercingWail"],"picked":"Deadly Poison","floor":13.0},{"not_picked":["Grand Finale","Venomology"],"picked":"After Image","floor":16.0},{"not_picked":["Acrobatics+1","Sucker Punch"],"picked":"Deflect+1","floor":18.0},{"not_picked":["Blur+1","Bouncing Flask"],"picked":"Leg Sweep","floor":21.0},{"not_picked":["Finisher+1","Dagger Spray+1"],"picked":"Cloak And Dagger","floor":23.0},{"not_picked":["Terror+1","Acrobatics"],"picked":"Reflex","floor":25.0},{"not_picked":["Riddle With Holes+1","Unload"],"picked":"Bane","floor":28.0},{"not_picked":["Blur+1","Dodge and Roll"],"picked":"Concentrate","floor":29.0},{"not_picked":["Dagger Spray","Acrobatics"],"picked":"Infinite Blades","floor":30.0},{"not_picked":["Envenom","Die Die Die"],"picked":"Corpse Explosion","floor":33.0},{"not_picked":["Dagger Spray","Slice+1","Expertise+1"],"picked":"SKIP","floor":35.0},{"not_picked":["Bane","Cloak And Dagger+1"],"picked":"Underhanded Strike","floor":38.0},{"not_picked":["Reflex","Dagger Throw+1"],"picked":"Calculated Gamble","floor":39.0},{"not_picked":["Caltrops","Reflex+1"],"picked":"Acrobatics+1","floor":40.0},{"not_picked":["PiercingWail","Flying Knee","Blade Dance+1"],"picked":"SKIP","floor":41.0},{"not_picked":["Acrobatics","Slice"],"picked":"Venomology","floor":44.0},{"not_picked":["Finisher+1","Expertise"],"picked":"Prepared","floor":45.0},{"not_picked":["Prepared","Poisoned Stab+1","Crippling Poison+1"],"picked":"SKIP","floor":48.0},{"not_picked":["Slice","Finisher","Quick Slash"],"picked":"SKIP","floor":54}],"player_experience":1332387,"relics_obtained":[{"floor":7.0,"key":"Ninja Scroll"},{"floor":9.0,"key":"Paper Crane"},{"floor":13.0,"key":"Bottled Tornado"},{"floor":20.0,"key":"Gambling Chip"},{"floor":25.0,"key":"Smiling Mask"},{"floor":26.0,"key":"Kunai"},{"floor":30.0,"key":"Pear"},{"floor":38.0,"key":"Ginger"},{"floor":39.0,"key":"Dead Branch"},{"floor":40.0,"key":"Torii"},{"floor":48.0,"key":"White Beast Statue"},{"floor":54,"key":"TungstenRod"}],"event_choices":[{"damage_healed":23.0,"max_hp_gain":0.0,"max_hp_loss":0.0,"gold_gain":0.0,"event_name":"Big Fish","player_choice":"Banana","floor":2.0,"gold_loss":0.0,"damage_taken":0.0},{"damage_healed":0.0,"max_hp_gain":0.0,"max_hp_loss":0.0,"gold_gain":75.0,"event_name":"World of Goop","player_choice":"Gather Gold","floor":3.0,"gold_loss":0.0,"damage_taken":11.0},{"damage_healed":0.0,"max_hp_gain":0.0,"max_hp_loss":0.0,"gold_gain":0.0,"event_name":"The Woman in Blue","player_choice":"Bought 2 Potions","floor":19.0,"gold_loss":0.0,"damage_taken":0.0},{"damage_healed":0.0,"max_hp_gain":0.0,"max_hp_loss":0.0,"gold_gain":0.0,"event_name":"Match and Keep!","player_choice":"1 cards matched","floor":27.0,"gold_loss":0.0,"damage_taken":0.0,"cards_obtained":["Predator"]},{"cards_removed":["Defend_G"],"damage_healed":0.0,"max_hp_gain":0.0,"max_hp_loss":0.0,"gold_gain":0.0,"event_name":"Bonfire Elementals","player_choice":"Offered Basic","floor":31.0,"gold_loss":0.0,"damage_taken":0.0},{"damage_healed":0.0,"max_hp_gain":0.0,"max_hp_loss":0.0,"gold_gain":0.0,"event_name":"Tomb of Lord Red Mask","player_choice":"Ignored","floor":36.0,"gold_loss":0.0,"damage_taken":0.0},{"damage_healed":0.0,"max_hp_gain":0.0,"max_hp_loss":0.0,"gold_gain":0.0,"event_name":"Mysterious Sphere","player_choice":"Fight","floor":38.0,"gold_loss":0.0,"damage_taken":0.0},{"damage_healed":0.0,"max_hp_gain":0.0,"max_hp_loss":0.0,"gold_gain":0.0,"event_name":"MindBloom","player_choice":"Fight","floor":39.0,"gold_loss":0.0,"damage_taken":0.0},{"damage_healed":20.0,"max_hp_gain":0.0,"max_hp_loss":0.0,"gold_gain":0.0,"event_name":"Winding Halls","player_choice":"Writhe","floor":46.0,"gold_loss":0.0,"damage_taken":0.0,"cards_obtained":["Writhe"]}],"is_beta":false,"boss_relics":[{"not_picked":["Velvet Choker","SlaversCollar"],"picked":"Cursed Key"},{"not_picked":["Tiny House","Snecko Eye"],"picked":"Runic Pyramid"}],"items_purged_floors":[14,22,37,53],"is_endless":false,"potions_floor_spawned":[7,10,18,21,25,41,44,45,54],"ascension_level":0}