{"gold_per_floor":[112,128,128,140,140,182,469,498,535,547,578,621,645,657,669,681],"floor_reached":16,"playtime":621,"items_purged":[],"score":112,"play_id":"85313e2b-bc65-4b39-9930-a0e8fb9a6e1c","local_time":"20221212091857","is_ascension_mode":false,"campfire_choices":[{"data":"Cloak And Dagger","floor":10,"key":"SMITH"},{"floor":15,"key":"REST"}],"neow_cost":"NONE","seed_source_timestamp":489863311275000,"circlet_count":0,"master_deck":["Strike_G","Strike_G","Strike_G","Strike_G","Defend_G","Defend_G","Defend_G","Defend_G","Defend_G","Survivor","Neutralize","Poisoned Stab","Bane","After Image","Deadly Poison","Regret","Cloak And Dagger+1","Reflex","Well Laid Plans","Acrobatics"],"relics":["Ring of the Snake","Bag of Marbles","MawBank","Strawberry","Ancient Tea Set","Akabeko"],"potions_floor_usage":[6,8,12],"damage_taken":[{"damage":0,"enemies":"Small Slimes","floor":1,"turns":3},{"damage":0,"enemies":"Jaw Worm","floor":2,"turns":3},{"damage":0,"enemies":"Cultist","floor":4,"turns":2},{"damage":24,"enemies":"Lagavulin","floor":6,"turns":6},{"damage":0,"enemies":"2 Fungi Beasts","floor":8,"turns":2},{"damage":15,"enemies":"Looter","floor":11,"turns":3},{"damage":9,"enemies":"Gremlin Nob","floor":12,"turns":4},{"damage":6,"enemies":"3 Louse","floor":13,"turns":3},{"damage":47,"enemies":"Slime Boss","floor":16,"turns":9}],"seed_played":"-7473291171153253227","potions_obtained":[{"floor":4,"key":"Explosive Potion"},{"floor":6,"key":"Fire Potion"},{"floor":11,"key":"Fire Potion"}],"is_trial":false,"path_per_floor":["M","M","?","M","?","E","?","M","T","R","M","E","M","?","R","B"],"character_chosen":"THE_SILENT","items_purchased":[],"campfire_rested":1,"item_purchase_floors":[],"current_hp_per_floor":[70,70,63,63,60,43,43,43,43,43,28,19,13,13,36,0],"gold":681,"neow_bonus":"RANDOM_COMMON_RELIC","is_prod":false,"is_daily":false,"chose_seed":false,"campfire_upgraded":1,"win_rate":0,"timestamp":1670854737,"path_taken":["M","M","?","M","?","E","?","M","T","R","?","E","M","?","R","BOSS"],"build_version":"2022-12-01","purchased_purges":0,"victory":false,"max_hp_per_floor":[70,70,70,70,70,77,77,77,77,77,77,77,77,77,77,77],"card_choices":[{"not_picked":["Masterful Stab","Predator"],"picked":"Poisoned Stab","floor":1},{"not_picked":["Catalyst","Deflect"],"picked":"Bane","floor":2},{"not_picked":["Backflip","Infinite Blades"],"picked":"After Image","floor":4},{"not_picked":["Accuracy","Dagger Throw"],"picked":"Deadly Poison","floor":6},{"not_picked":["Deadly Poison","Slice"],"picked":"Cloak And Dagger","floor":8},{"not_picked":["Deflect","Concentrate"],"picked":"Reflex","floor":11},{"not_picked":["Phantasmal Killer","Bane"],"picked":"Well Laid Plans","floor":12},{"not_picked":["Backflip","Flechettes"],"picked":"Acrobatics","floor":13}],"player_experience":1331766,"relics_obtained":[{"floor":6,"key":"Strawberry"},{"floor":9,"key":"Ancient Tea Set"},{"floor":12,"key":"Akabeko"}],"event_choices":[{"cards_removed":["Strike_G"],"damage_healed":0,"gold_gain":0,"player_choice":"Card Removal","damage_taken":7,"max_hp_gain":0,"max_hp_loss":0,"event_name":"Golden Wing","floor":3,"gold_loss":0},{"damage_healed":0,"gold_gain":0,"player_choice":"Success","damage_taken":3,"relics_obtained":["MawBank"],"max_hp_gain":0,"max_hp_loss":0,"event_name":"Scrap Ooze","floor":5,"gold_loss":0},{"damage_healed":0,"gold_gain":275,"player_choice":"Desecrate","damage_taken":0,"max_hp_gain":0,"max_hp_loss":0,"event_name":"Golden Shrine","floor":7,"gold_loss":0,"cards_obtained":["Regret"]},{"damage_healed":0,"gold_gain":0,"player_choice":"Ignored","damage_taken":0,"max_hp_gain":0,"max_hp_loss":0,"event_name":"Shining Light","floor":14,"gold_loss":0}],"is_beta":false,"boss_relics":[],"items_purged_floors":[],"is_endless":false,"potions_floor_spawned":[4,6,11],"killed_by":"Slime Boss","ascension_level":0}