{"gold_per_floor":[110,110,133,152,166,166,166,184,184,218,231,4,4,38,38,167,167,185,170,260,10,35,35,134,134,134,149,163,176,176],"floor_reached":30,"playtime":989,"items_purged":["Defend_G"],"score":242,"play_id":"f5ce2450-ed8f-4b2a-af56-519d6f112565","local_time":"20221207221501","is_ascension_mode":false,"campfire_choices":[{"data":"Poisoned Stab","floor":6,"key":"SMITH"},{"data":"A Thousand Cuts","floor":13,"key":"SMITH"},{"floor":15,"key":"REST"},{"floor":23,"key":"REST"}],"neow_cost":"NONE","seed_source_timestamp":104057050009200,"circlet_count":0,"master_deck":["Strike_G","Strike_G","Strike_G","Strike_G","Strike_G","Defend_G","Defend_G","Defend_G","Defend_G","Survivor","Neutralize+1","Bouncing Flask","Poisoned Stab+1","Backflip","Heel Hook","A Thousand Cuts+1","Distraction","Envenom","Tools of the Trade","Deep Breath","Blind","Good Instincts","Deadly Poison","Endless Agony","Escape Plan+1","Adrenaline"],"relics":["Ring of the Snake","NeowsBlessing","Golden Idol","Anchor","Blue Candle","Letter Opener","Busted Crown","Strange Spoon","Nloth\u0027s Gift","Boot"],"potions_floor_usage":[10,19,28,28,28,30],"damage_taken":[{"damage":0,"enemies":"Cultist","floor":1,"turns":1},{"damage":0,"enemies":"Jaw Worm","floor":4,"turns":1},{"damage":0,"enemies":"2 Louse","floor":5,"turns":1},{"damage":1,"enemies":"Exordium Thugs","floor":8,"turns":4},{"damage":10,"enemies":"Gremlin Nob","floor":10,"turns":3},{"damage":4,"enemies":"2 Fungi Beasts","floor":11,"turns":3},{"damage":10,"enemies":"Lagavulin","floor":14,"turns":5},{"damage":40,"enemies":"Slime Boss","floor":16,"turns":9},{"damage":6,"enemies":"Spheric Guardian","floor":18,"turns":6},{"damage":12,"enemies":"2 Thieves","floor":19,"turns":4},{"damage":18,"enemies":"Snecko","floor":22,"turns":5},{"damage":5,"enemies":"Cultist and Chosen","floor":27,"turns":5},{"damage":2,"enemies":"Centurion and Healer","floor":28,"turns":6},{"damage":11,"enemies":"Snecko","floor":29,"turns":5},{"damage":17,"enemies":"Sentry and Sphere","floor":30,"turns":4}],"seed_played":"-1501624414097213307","potions_obtained":[{"floor":1,"key":"SteroidPotion"},{"floor":14,"key":"SpeedPotion"},{"floor":18,"key":"Dexterity Potion"},{"floor":22,"key":"Block Potion"},{"floor":27,"key":"FearPotion"},{"floor":29,"key":"SkillPotion"}],"is_trial":false,"path_per_floor":["M","?","T","M","M","R","?","M","T","E","M","$","R","E","R","B",null,"M","M","?","$","M","R","?","?","T","M","M","M","M"],"character_chosen":"THE_SILENT","items_purchased":["Envenom","Good Instincts","Strange Spoon","Deadly Poison"],"campfire_rested":2,"item_purchase_floors":[12,21,21,21],"current_hp_per_floor":[70,53,53,53,53,53,53,52,52,42,38,38,38,28,49,9,70,64,52,27,27,9,30,30,30,30,25,23,12,0],"gold":176,"neow_bonus":"THREE_ENEMY_KILL","is_prod":false,"is_daily":false,"chose_seed":false,"campfire_upgraded":2,"win_rate":0,"timestamp":1670469301,"path_taken":["M","?","?","M","M","R","?","M","T","E","M","$","R","E","R","BOSS","M","?","?","?","M","R","?","?","T","M","M","M","?"],"build_version":"2022-12-01","purchased_purges":1,"victory":false,"max_hp_per_floor":[70,70,70,70,70,70,70,70,70,70,70,70,70,70,70,70,70,70,70,70,70,70,70,70,70,70,70,70,70,70],"card_choices":[{"not_picked":["Calculated Gamble","Flying Knee"],"picked":"Bouncing Flask","floor":1},{"not_picked":["Cloak And Dagger","Flechettes"],"picked":"Poisoned Stab","floor":4},{"not_picked":["Deflect","Bullet Time"],"picked":"Backflip","floor":5},{"not_picked":["Expertise","Bane"],"picked":"Heel Hook","floor":8},{"not_picked":["Poisoned Stab","Choke"],"picked":"A Thousand Cuts","floor":10},{"not_picked":["Masterful Stab","Deflect"],"picked":"Distraction","floor":11},{"not_picked":["Flechettes","Dagger Spray","Flying Knee"],"picked":"SKIP","floor":14},{"not_picked":["Venomology","Burst"],"picked":"Tools of the Trade","floor":16},{"not_picked":["Bane"],"picked":"SKIP","floor":18},{"not_picked":["Finisher"],"picked":"SKIP","floor":19},{"not_picked":[],"picked":"Endless Agony","floor":22},{"not_picked":["Masterful Stab+1"],"picked":"SKIP","floor":27},{"not_picked":[],"picked":"Escape Plan+1","floor":28},{"not_picked":[],"picked":"Adrenaline","floor":29}],"player_experience":1265847,"relics_obtained":[{"floor":3,"key":"Anchor"},{"floor":9,"key":"CaptainsWheel"},{"floor":10,"key":"Blue Candle"},{"floor":14,"key":"Letter Opener"},{"floor":26,"key":"Boot"}],"event_choices":[{"damage_healed":0,"gold_gain":0,"player_choice":"Take Damage","damage_taken":17,"relics_obtained":["Golden Idol"],"max_hp_gain":0,"max_hp_loss":0,"event_name":"Golden Idol","floor":2,"gold_loss":0},{"damage_healed":0,"gold_gain":0,"player_choice":"Forge","damage_taken":0,"max_hp_gain":0,"max_hp_loss":0,"event_name":"Accursed Blacksmith","floor":7,"gold_loss":0,"cards_upgraded":["Neutralize"]},{"damage_healed":0,"gold_gain":90,"player_choice":"GOLD CARD CARD ","damage_taken":25,"max_hp_gain":0,"max_hp_loss":0,"event_name":"Knowing Skull","floor":20,"potions_obtained":[],"gold_loss":0,"cards_obtained":["Deep Breath","Blind"]},{"damage_healed":0,"gold_gain":99,"player_choice":"Stole From Cult","damage_taken":0,"max_hp_gain":0,"max_hp_loss":0,"event_name":"Nest","floor":24,"gold_loss":0},{"damage_healed":0,"gold_gain":0,"player_choice":"Traded Relic","damage_taken":0,"relics_obtained":["Nloth\u0027s Gift"],"max_hp_gain":0,"max_hp_loss":0,"event_name":"N\u0027loth","floor":25,"relics_lost":["CaptainsWheel"],"gold_loss":0}],"is_beta":false,"boss_relics":[{"not_picked":["Cursed Key","Ring of the Serpent"],"picked":"Busted Crown"}],"items_purged_floors":[12],"is_endless":false,"potions_floor_spawned":[1,14,18,22,27,29],"killed_by":"Sentry and Sphere","ascension_level":0}