{"gold_per_floor":[114,126,49,49,63,63,78,78,78,137,137,87,120,132,132,235,235,251,9,9,9,28,28,55,55,55,83,93,108,120,120,120,217,217,233,233,233,0,16,42,92,92,173,173,190,190,215,32,32,32,32,32,7,7],"floor_reached":54,"playtime":2486,"items_purged":["Strike_G","Noxious Fumes"],"score":756,"play_id":"98320dac-e137-4800-ad89-adbf323209cd","local_time":"20221209190120","is_ascension_mode":false,"campfire_choices":[{"data":"Neutralize","floor":6.0,"key":"SMITH"},{"data":"Catalyst","floor":8.0,"key":"SMITH"},{"floor":15.0,"key":"REST"},{"data":"Malaise","floor":23.0,"key":"SMITH"},{"data":"Finisher","floor":25.0,"key":"SMITH"},{"floor":32.0,"key":"REST"},{"floor":44.0,"key":"RECALL"},{"floor":46.0,"key":"REST"},{"data":"Madness","floor":49.0,"key":"SMITH"},{"data":"Catalyst","floor":52,"key":"SMITH"}],"neow_cost":"TEN_PERCENT_HP_LOSS","seed_source_timestamp":263451639497000,"circlet_count":0,"master_deck":["Defend_G","Defend_G","Defend_G","Defend_G","Survivor","Neutralize+1","Poisoned Stab","Catalyst+1","Footwork","Finisher+1","Sucker Punch","Noxious Fumes","Wraith Form v2","PanicButton","Backstab","Malaise+1","Sucker Punch","Leg Sweep+1","Bite","Bite","Bite","Bite","Bite","Tools of the Trade+1","Noxious Fumes+1","Madness+1","Madness","Infinite Blades+1","Clumsy","Deflect+1","Catalyst+1","Panache+1","Unload"],"special_seed":0,"relics":["Ring of the Snake","Blue Candle","Darkstone Periapt","Pear","Paper Crane","Empty Cage","Frozen Egg 2","HornCleat","Cursed Key","Membership Card","PreservedInsect","Dream Catcher","The Specimen","Nunchaku"],"potions_floor_usage":[54],"damage_taken":[{"damage":4.0,"enemies":"2 Louse","floor":1.0,"turns":2.0},{"damage":2.0,"enemies":"Jaw Worm","floor":2.0,"turns":5.0},{"damage":1.0,"enemies":"Small Slimes","floor":5.0,"turns":3.0},{"damage":9.0,"enemies":"Red Slaver","floor":7.0,"turns":4.0},{"damage":15.0,"enemies":"3 Sentries","floor":10.0,"turns":11.0},{"damage":15.0,"enemies":"3 Sentries","floor":13.0,"turns":9.0},{"damage":21.0,"enemies":"Gremlin Gang","floor":14.0,"turns":6.0},{"damage":13.0,"enemies":"Hexaghost","floor":16.0,"turns":8.0},{"damage":4.0,"enemies":"Chosen","floor":18.0,"turns":5.0},{"damage":16.0,"enemies":"2 Thieves","floor":22.0,"turns":4.0},{"damage":16.0,"enemies":"Book of Stabbing","floor":24.0,"turns":7.0},{"damage":18.0,"enemies":"Gremlin Leader","floor":27.0,"turns":10.0},{"damage":15.0,"enemies":"Shelled Parasite and Fungi","floor":28.0,"turns":6.0},{"damage":10.0,"enemies":"Centurion and Healer","floor":29.0,"turns":7.0},{"damage":0.0,"enemies":"Snecko","floor":30.0,"turns":4.0},{"damage":21.0,"enemies":"Automaton","floor":33.0,"turns":10.0},{"damage":16.0,"enemies":"3 Darklings","floor":35.0,"turns":5.0},{"damage":2.0,"enemies":"3 Shapes","floor":39.0,"turns":6.0},{"damage":32.0,"enemies":"Nemesis","floor":40.0,"turns":7.0},{"damage":5.0,"enemies":"Mind Bloom Boss Battle","floor":41.0,"turns":7.0},{"damage":10.0,"enemies":"Jaw Worm Horde","floor":45.0,"turns":5.0},{"damage":32.0,"enemies":"Reptomancer","floor":47.0,"turns":7.0},{"damage":34,"enemies":"Time Eater","floor":50,"turns":14},{"damage":88,"enemies":"Shield and Spear","floor":54,"turns":5}],"seed_played":"8792331466542301223","potions_obtained":[{"floor":1.0,"key":"ColorlessPotion"},{"floor":5.0,"key":"GhostInAJar"},{"floor":10.0,"key":"SteroidPotion"},{"floor":13.0,"key":"Strength Potion"},{"floor":18.0,"key":"Fire Potion"},{"floor":24.0,"key":"GhostInAJar"},{"floor":29.0,"key":"Poison Potion"},{"floor":33.0,"key":"BlessingOfTheForge"},{"floor":39.0,"key":"BlessingOfTheForge"},{"floor":40.0,"key":"Block Potion"}],"is_trial":false,"path_per_floor":["M","M","$","?","M","R","M","R","T","?","T","$","E","M","R","B",null,"M","$","?","?","M","R","E","R","T","E","M","M","M","?","R","B",null,"M","?","?","$","M","E","?","?","T","R","M","R","E","$","R","B",null,"R","$","E"],"character_chosen":"THE_SILENT","items_purchased":["Footwork","Sucker Punch","PanicButton","Backstab","Membership Card","PreservedInsect","Panache+1","Unload","ColorlessPotion"],"campfire_rested":3,"item_purchase_floors":[3,12,19,19,38,38,48,48,53],"current_hp_per_floor":[59,57,57,62,61,61,52,52,52,37,47,47,32,11,34,21,78,74,74,74,74,58,58,42,42,42,26,13,5,7,7,30,25,78,72,62,62,62,68,49,60,60,66,66,64,84,60,60,60,34,84,84,84,0],"gold":7,"neow_bonus":"REMOVE_TWO","is_prod":false,"is_daily":false,"chose_seed":false,"campfire_upgraded":6,"win_rate":0,"timestamp":1670630480,"path_taken":["M","M","$","?","M","R","M","R","T","?","?","?","E","M","R","BOSS","M","$","?","?","?","R","E","R","T","E","M","M","M","?","R","BOSS","M","?","?","$","M","E","?","?","T","R","?","R","E","$","R","BOSS","R","$","E"],"build_version":"2022-12-01","purchased_purges":2,"victory":false,"max_hp_per_floor":[63,63,63,68,68,68,68,68,68,68,78,78,78,78,78,78,78,78,78,78,78,78,78,78,78,78,78,78,78,78,78,78,78,78,78,78,78,78,78,78,78,78,84,84,84,84,84,84,84,84,84,84,84,84],"card_choices":[{"not_picked":["Quick Slash","PiercingWail"],"picked":"Poisoned Stab","floor":1.0},{"not_picked":["Heel Hook","Acrobatics"],"picked":"Catalyst","floor":2.0},{"not_picked":["Prepared","Riddle With Holes"],"picked":"Finisher","floor":5.0},{"not_picked":["Well Laid Plans","Cloak And Dagger"],"picked":"Dagger Throw","floor":7.0},{"not_picked":["Reflex","Prepared","Bouncing Flask"],"picked":"SKIP","floor":13.0},{"not_picked":["Accuracy","Noxious Fumes","Terror"],"picked":"SKIP","floor":14.0},{"not_picked":["Accuracy","Terror"],"picked":"Noxious Fumes","floor":14.0},{"not_picked":["Night Terror","Corpse Explosion"],"picked":"Wraith Form v2","floor":16.0},{"not_picked":["Riddle With Holes+1","Poisoned Stab"],"picked":"Noxious Fumes","floor":18.0},{"not_picked":["Quick Slash","Underhanded Strike+1"],"picked":"Sucker Punch","floor":22.0},{"not_picked":["Dagger Spray","Skewer"],"picked":"Leg Sweep+1","floor":24.0},{"not_picked":["Infinite Blades+1","Well Laid Plans+1","Poisoned Stab+1"],"picked":"SKIP","floor":27.0},{"not_picked":["Tactician+1","Expertise","Underhanded Strike"],"picked":"SKIP","floor":28.0},{"not_picked":["Dodge and Roll","Blade Dance+1","Acrobatics"],"picked":"SKIP","floor":29.0},{"not_picked":["Dagger Throw+1","Heel Hook","Prepared"],"picked":"SKIP","floor":30.0},{"not_picked":["Grand Finale","Malaise"],"picked":"Tools of the Trade+1","floor":33.0},{"not_picked":["Riddle With Holes","Acrobatics"],"picked":"Noxious Fumes+1","floor":35.0},{"not_picked":["PiercingWail+1","Skewer","Poisoned Stab+1"],"picked":"SKIP","floor":39.0},{"not_picked":["Skewer","Deadly Poison+1","Die Die Die"],"picked":"SKIP","floor":40.0},{"not_picked":["Calculated Gamble","Expertise+1"],"picked":"Deflect+1","floor":45.0},{"not_picked":["Sucker Punch+1","Choke"],"picked":"Catalyst","floor":46.0},{"not_picked":["Quick Slash+1","Acrobatics+1","Riddle With Holes"],"picked":"SKIP","floor":47.0}],"player_experience":1278251,"relics_obtained":[{"floor":9.0,"key":"Blue Candle"},{"floor":11.0,"key":"Pear"},{"floor":13.0,"key":"Paper Crane"},{"floor":24.0,"key":"Frozen Egg 2"},{"floor":26.0,"key":"Blood Vial"},{"floor":27.0,"key":"HornCleat"},{"floor":40.0,"key":"Dream Catcher"},{"floor":41.0,"key":"The Specimen"},{"floor":47.0,"key":"Nunchaku"}],"event_choices":[{"damage_healed":0.0,"max_hp_gain":5.0,"max_hp_loss":0.0,"gold_gain":0.0,"event_name":"Big Fish","player_choice":"Donut","floor":4.0,"gold_loss":0.0,"damage_taken":0.0},{"damage_healed":0.0,"max_hp_gain":0.0,"max_hp_loss":0.0,"gold_gain":0.0,"event_name":"Dead Adventurer","player_choice":"Searched \u00272\u0027 times","floor":10.0,"gold_loss":0.0,"damage_taken":0.0,"relics_obtained":["Darkstone Periapt"]},{"damage_healed":0.0,"max_hp_gain":0.0,"max_hp_loss":0.0,"gold_gain":0.0,"event_name":"Match and Keep!","player_choice":"1 cards matched","floor":20.0,"gold_loss":0.0,"damage_taken":0.0,"cards_obtained":["Malaise"]},{"damage_healed":0.0,"max_hp_gain":0.0,"max_hp_loss":0.0,"gold_gain":0.0,"event_name":"betterNote:BetterNote","player_choice":"Ignored","floor":21.0,"gold_loss":0.0,"damage_taken":0.0,"cards_obtained":["Limit Break"]},{"damage_healed":0.0,"max_hp_gain":0.0,"max_hp_loss":0.0,"gold_gain":0.0,"event_name":"Vampires","player_choice":"Became a vampire (Vial)","floor":31.0,"relics_lost":["Blood Vial"],"gold_loss":0.0,"damage_taken":0.0,"cards_obtained":["Bite","Bite","Bite","Bite","Bite"]},{"damage_healed":0.0,"max_hp_gain":0.0,"max_hp_loss":0.0,"gold_gain":0.0,"event_name":"Winding Halls","player_choice":"Embrace Madness","floor":36.0,"gold_loss":0.0,"damage_taken":10.0,"cards_obtained":["Madness","Madness"]},{"damage_healed":0.0,"max_hp_gain":0.0,"max_hp_loss":0.0,"gold_gain":0.0,"event_name":"Tomb of Lord Red Mask","player_choice":"Ignored","floor":37.0,"gold_loss":0.0,"damage_taken":0.0},{"damage_healed":0.0,"max_hp_gain":0.0,"max_hp_loss":0.0,"gold_gain":0.0,"event_name":"MindBloom","player_choice":"Fight","floor":41.0,"gold_loss":0.0,"damage_taken":0.0},{"damage_healed":0.0,"max_hp_gain":0.0,"max_hp_loss":0.0,"gold_gain":0.0,"cards_transformed":["Dagger Throw"],"event_name":"Transmorgrifier","player_choice":"Transformed","floor":42.0,"gold_loss":0.0,"damage_taken":0.0,"cards_obtained":["Infinite Blades"]}],"is_beta":false,"boss_relics":[{"not_picked":["Pandora\u0027s Box","Calling Bell"],"picked":"Empty Cage"},{"not_picked":["Philosopher\u0027s Stone","SacredBark"],"picked":"Cursed Key"}],"items_purged_floors":[19,48],"is_endless":false,"potions_floor_spawned":[1,5,10,13,18,24,29,33,39,40],"killed_by":"Shield and Spear","ascension_level":0}