{"gold_per_floor":[110,128,142,142,19,62,62,80,80,6,21,21,37,50,50,178,178,191,216,241,75,75,110,110,125,125,125,141,141,141,141,141,141],"floor_reached":33,"playtime":1360,"items_purged":["Defend_G"],"score":269,"play_id":"10b934ac-9346-4392-96a1-d9e5f0fe6d31","local_time":"20221212132819","is_ascension_mode":false,"campfire_choices":[{"data":"Glass Knife","floor":7.0,"key":"SMITH"},{"data":"Terror","floor":12.0,"key":"SMITH"},{"data":"Caltrops","floor":15.0,"key":"SMITH"},{"floor":24,"key":"REST"},{"floor":27,"key":"REST"},{"data":"A Thousand Cuts","floor":32,"key":"SMITH"}],"neow_cost":"NONE","seed_source_timestamp":504064112930100,"circlet_count":0,"master_deck":["Strike_G","Strike_G","Strike_G","Strike_G","Defend_G","Defend_G","Defend_G","Defend_G","Survivor","Neutralize","Deadly Poison","Reflex","Blur","Noxious Fumes","PiercingWail","Glass Knife+1","Escape Plan","Terror+1","Blade Dance","Caltrops+1","A Thousand Cuts+1","Blur","Blur","Backflip","Backflip","Well Laid Plans","Deflect","Cloak And Dagger","Backstab+1","Decay"],"special_seed":0,"relics":["Ring of the Snake","Golden Idol","Juzu Bracelet","Mercury Hourglass","WristBlade","Frozen Egg 2","Bottled Flame","MutagenicStrength"],"potions_floor_usage":[16,18,18,18,20,23],"damage_taken":[{"damage":2.0,"enemies":"Cultist","floor":1.0,"turns":4.0},{"damage":5.0,"enemies":"Jaw Worm","floor":2.0,"turns":5.0},{"damage":0.0,"enemies":"2 Louse","floor":3.0,"turns":4.0},{"damage":10.0,"enemies":"Lagavulin","floor":6.0,"turns":5.0},{"damage":0.0,"enemies":"Looter","floor":8.0,"turns":3.0},{"damage":0.0,"enemies":"Blue Slaver","floor":11.0,"turns":3.0},{"damage":1.0,"enemies":"Large Slime","floor":13.0,"turns":3.0},{"damage":0.0,"enemies":"Gremlin Gang","floor":14.0,"turns":3.0},{"damage":16,"enemies":"Hexaghost","floor":16,"turns":6},{"damage":2,"enemies":"2 Thieves","floor":18,"turns":3},{"damage":6,"enemies":"Shell Parasite","floor":19,"turns":4},{"damage":22,"enemies":"Centurion and Healer","floor":20,"turns":5},{"damage":30,"enemies":"Book of Stabbing","floor":23,"turns":5},{"damage":17,"enemies":"Shelled Parasite and Fungi","floor":25,"turns":5},{"damage":8,"enemies":"Chosen and Byrds","floor":28,"turns":5},{"damage":67,"enemies":"Automaton","floor":33,"turns":6}],"seed_played":"7572265097248678247","potions_obtained":[{"floor":0.0,"key":"CunningPotion"},{"floor":0.0,"key":"FairyPotion"},{"floor":0.0,"key":"ColorlessPotion"},{"floor":3.0,"key":"Poison Potion"},{"floor":8.0,"key":"AttackPotion"},{"floor":14.0,"key":"DuplicationPotion"},{"floor":16,"key":"EntropicBrew"},{"floor":18,"key":"PowerPotion"},{"floor":20,"key":"Energy Potion"}],"is_trial":false,"path_per_floor":["M","M","M","?","$","E","R","M","T","$","M","R","M","M","R","B",null,"M","M","M","$","?","E","R","M","T","R","M","?","?","?","R","B"],"character_chosen":"THE_SILENT","items_purchased":["Noxious Fumes","PiercingWail","Terror","Backflip","Well Laid Plans"],"campfire_rested":2,"item_purchase_floors":[5,5,10,21,21],"current_hp_per_floor":[68,63,63,63,63,53,53,53,53,53,53,53,52,52,52,36,65,63,57,35,35,35,5,24,7,7,26,18,18,18,18,18,0],"gold":141,"neow_bonus":"THREE_SMALL_POTIONS","is_prod":false,"is_daily":false,"chose_seed":false,"campfire_upgraded":4,"win_rate":0,"timestamp":1670869699,"path_taken":["M","M","?","?","$","E","R","M","T","?","M","R","M","M","R","BOSS","M","M","M","$","?","E","R","M","T","R","M","?","?","?","R","BOSS"],"build_version":"2022-12-01","purchased_purges":1,"victory":false,"max_hp_per_floor":[70,70,70,65,65,65,65,65,65,65,65,65,65,65,65,65,65,65,65,65,65,65,65,65,65,65,65,65,65,65,65,65,65],"card_choices":[{"not_picked":["Slice","Dodge and Roll"],"picked":"Deadly Poison","floor":1.0},{"not_picked":["Bouncing Flask","Distraction"],"picked":"Reflex","floor":2.0},{"not_picked":["Flying Knee","PiercingWail"],"picked":"Blur","floor":3.0},{"not_picked":["Accuracy","Prepared"],"picked":"Glass Knife","floor":6.0},{"not_picked":["Slice","Predator"],"picked":"Escape Plan","floor":8.0},{"not_picked":["Caltrops","Accuracy"],"picked":"Blade Dance","floor":11.0},{"not_picked":["PiercingWail","Blade Dance","Dagger Spray"],"picked":"SKIP","floor":13.0},{"not_picked":["PiercingWail","Setup"],"picked":"Caltrops","floor":14.0},{"not_picked":["Venomology","Bullet Time"],"picked":"A Thousand Cuts","floor":16},{"not_picked":["Flying Knee","Dagger Spray"],"picked":"Blur","floor":18},{"not_picked":["Bane","Dagger Throw"],"picked":"Blur","floor":19},{"not_picked":["Slice+1","Quick Slash"],"picked":"Backflip","floor":20},{"not_picked":["Dagger Spray","Choke","Poisoned Stab"],"picked":"SKIP","floor":23},{"not_picked":["Backflip","Blur"],"picked":"Cloak And Dagger","floor":25},{"not_picked":["Poisoned Stab","Dodge and Roll"],"picked":"Backstab+1","floor":28}],"player_experience":1338091,"relics_obtained":[{"floor":6.0,"key":"Juzu Bracelet"},{"floor":9.0,"key":"Mercury Hourglass"},{"floor":23,"key":"Frozen Egg 2"},{"floor":26,"key":"Bottled Flame"}],"event_choices":[{"damage_healed":0.0,"max_hp_gain":0.0,"max_hp_loss":5.0,"gold_gain":0.0,"event_name":"Golden Idol","player_choice":"Lose Max HP","floor":4.0,"gold_loss":0.0,"damage_taken":0.0,"relics_obtained":["Golden Idol"]},{"damage_healed":0,"gold_gain":0,"cards_transformed":["Strike_G"],"player_choice":"Transformed","damage_taken":0,"max_hp_gain":0,"max_hp_loss":0,"event_name":"Transmorgrifier","floor":22,"gold_loss":0,"cards_obtained":["Deflect"]},{"damage_healed":0,"gold_gain":0,"player_choice":"Cursed","damage_taken":0,"max_hp_gain":0,"max_hp_loss":0,"event_name":"Wheel of Change","floor":29,"gold_loss":0,"cards_obtained":["Decay"]},{"damage_healed":0,"gold_gain":0,"player_choice":"Ignored","damage_taken":0,"max_hp_gain":0,"max_hp_loss":0,"event_name":"betterNote:BetterNote","floor":30,"gold_loss":0,"cards_obtained":["Limit Break"]},{"damage_healed":0,"gold_gain":0,"player_choice":"Inject Mutagens","damage_taken":0,"relics_obtained":["MutagenicStrength"],"max_hp_gain":0,"max_hp_loss":0,"event_name":"Drug Dealer","floor":31,"gold_loss":0}],"is_beta":false,"boss_relics":[{"not_picked":["Cursed Key","Empty Cage"],"picked":"WristBlade"}],"items_purged_floors":[21],"is_endless":false,"potions_floor_spawned":[2,3,8,14,16,18,20],"killed_by":"Automaton","ascension_level":0}