{"gold_per_floor":[115,133,133,133,133,133,161,90,115,127,127,21,37,50,50,154,154,169,182,182,18,31,31,50,67,136,166,166,136,136,38,38,38],"floor_reached":33,"playtime":1006,"items_purged":[],"score":290,"play_id":"63a21cd3-1a93-46d9-b376-d9ce268c3d7d","local_time":"20221208203047","is_ascension_mode":false,"campfire_choices":[{"data":"Dagger Spray","floor":6,"key":"SMITH"},{"data":"Accuracy","floor":15,"key":"SMITH"},{"data":"Catalyst","floor":23,"key":"SMITH"},{"floor":28,"key":"REST"},{"data":"Leg Sweep","floor":30,"key":"SMITH"},{"floor":32,"key":"REST"}],"neow_cost":"NONE","seed_source_timestamp":184185042747400,"circlet_count":0,"master_deck":["Strike_G","Strike_G","Strike_G","Strike_G","Strike_G","Defend_G","Defend_G","Defend_G","Defend_G","Defend_G","Survivor","Neutralize+1","Slice","Dagger Spray+1","Quick Slash","Blade Dance","All Out Attack","Deadly Poison","Accuracy+1","Deadly Poison","PiercingWail","Caltrops","Corpse Explosion","CurseOfTheBell","Backflip","PiercingWail","Accuracy","Catalyst+1","PiercingWail","Leg Sweep+1","Glass Knife","Footwork","Backflip"],"relics":["Ring of the Snake","Anchor","MawBank","Oddly Smooth Stone","Calling Bell","Lantern","Kunai","WingedGreaves","Nloth\u0027s Gift","StrikeDummy","Juzu Bracelet"],"potions_floor_usage":[13,16,24,24,27,27,33,33,33],"damage_taken":[{"damage":0,"enemies":"Cultist","floor":1,"turns":1},{"damage":0,"enemies":"Jaw Worm","floor":2,"turns":1},{"damage":0,"enemies":"Lagavulin","floor":7,"turns":1},{"damage":0,"enemies":"2 Louse","floor":10,"turns":1},{"damage":0,"enemies":"Looter","floor":13,"turns":2},{"damage":0,"enemies":"Blue Slaver","floor":14,"turns":3},{"damage":45,"enemies":"The Guardian","floor":16,"turns":10},{"damage":21,"enemies":"Shell Parasite","floor":18,"turns":4},{"damage":1,"enemies":"Spheric Guardian","floor":19,"turns":3},{"damage":18,"enemies":"Shelled Parasite and Fungi","floor":22,"turns":7},{"damage":16,"enemies":"Snecko","floor":24,"turns":4},{"damage":0,"enemies":"Snake Plant","floor":25,"turns":3},{"damage":3,"enemies":"Slavers","floor":27,"turns":3},{"damage":79,"enemies":"Champ","floor":33,"turns":9}],"seed_played":"-9078055794308690399","potions_obtained":[{"floor":10,"key":"Ancient Potion"},{"floor":11,"key":"Fire Potion"},{"floor":11,"key":"Ancient Potion"},{"floor":13,"key":"AttackPotion"},{"floor":24,"key":"Fruit Juice"},{"floor":25,"key":"EssenceOfSteel"},{"floor":27,"key":"PowerPotion"},{"floor":29,"key":"SneckoOil"},{"floor":29,"key":"Strength Potion"}],"is_trial":false,"path_per_floor":["M","M","?","?","?","R","E","$","T","M","?","$","M","M","R","B",null,"M","M","?","$","M","R","M","M","T","E","R","?","R","$","R","B"],"character_chosen":"THE_SILENT","items_purchased":["Blade Dance","All Out Attack","Accuracy","Deadly Poison","Accuracy","Catalyst","PiercingWail","Footwork","Backflip"],"campfire_rested":2,"item_purchase_floors":[8,8,12,12,21,21,21,31,31],"current_hp_per_floor":[70,70,70,75,50,50,50,50,50,50,50,50,50,50,50,5,75,54,53,53,53,35,35,24,24,24,21,45,45,45,45,69,0],"gold":38,"neow_bonus":"THREE_ENEMY_KILL","is_prod":false,"is_daily":false,"chose_seed":false,"campfire_upgraded":4,"win_rate":0,"timestamp":1670549447,"path_taken":["M","?","?","?","?","R","E","?","T","?","?","?","M","M","R","BOSS","M","M","?","$","M","R","M","M","T","E","R","?","R","?","R","BOSS"],"build_version":"2022-12-01","purchased_purges":0,"victory":false,"max_hp_per_floor":[70,70,70,75,75,75,75,75,75,75,75,75,75,75,75,75,75,75,75,75,75,75,75,80,80,80,80,80,80,80,80,80,80],"card_choices":[{"not_picked":["Underhanded Strike","Expertise"],"picked":"Slice","floor":1},{"not_picked":["Acrobatics","Dodge and Roll"],"picked":"Dagger Spray","floor":2},{"not_picked":["Night Terror","Flying Knee"],"picked":"Quick Slash","floor":7},{"not_picked":["Bane","Slice"],"picked":"Deadly Poison","floor":10},{"not_picked":["Riddle With Holes","Outmaneuver"],"picked":"PiercingWail","floor":13},{"not_picked":["Backflip","Dodge and Roll"],"picked":"Caltrops","floor":14},{"not_picked":["Unload","Bullet Time"],"picked":"Corpse Explosion","floor":16},{"not_picked":["Bouncing Flask","Sucker Punch+1"],"picked":"Backflip","floor":18},{"not_picked":["Skewer","Acrobatics"],"picked":"PiercingWail","floor":19},{"not_picked":["Predator+1","Skewer","Slice"],"picked":"SKIP","floor":22},{"not_picked":["Heel Hook+1","Accuracy+1"],"picked":"Leg Sweep","floor":24},{"not_picked":["Backstab","Poisoned Stab","Crippling Poison"],"picked":"SKIP","floor":25},{"not_picked":["Corpse Explosion","A Thousand Cuts"],"picked":"Glass Knife","floor":27}],"player_experience":1269030,"relics_obtained":[{"floor":7,"key":"MawBank"},{"floor":9,"key":"Oddly Smooth Stone"},{"floor":17,"key":"Lantern"},{"floor":17,"key":"Kunai"},{"floor":17,"key":"WingedGreaves"},{"floor":26,"key":"StrikeDummy"},{"floor":27,"key":"Juzu Bracelet"}],"event_choices":[{"damage_healed":0,"gold_gain":0,"player_choice":"Grow","damage_taken":0,"max_hp_gain":0,"max_hp_loss":0,"event_name":"Living Wall","floor":3,"gold_loss":0,"cards_upgraded":["Neutralize"]},{"damage_healed":0,"gold_gain":0,"player_choice":"Donut","damage_taken":0,"max_hp_gain":5,"max_hp_loss":0,"event_name":"Big Fish","floor":4,"gold_loss":0},{"damage_healed":0,"gold_gain":0,"player_choice":"Success","damage_taken":25,"relics_obtained":["Anchor"],"max_hp_gain":0,"max_hp_loss":0,"event_name":"Scrap Ooze","floor":5,"gold_loss":0},{"damage_healed":0,"gold_gain":0,"player_choice":"Got Potions","damage_taken":0,"max_hp_gain":0,"max_hp_loss":0,"event_name":"Lab","floor":11,"gold_loss":0},{"damage_healed":0,"gold_gain":0,"player_choice":"Traded Relic","damage_taken":0,"relics_obtained":["Nloth\u0027s Gift"],"max_hp_gain":0,"max_hp_loss":0,"event_name":"N\u0027loth","floor":20,"relics_lost":["NeowsBlessing"],"gold_loss":0},{"damage_healed":0,"gold_gain":0,"player_choice":"Bought 2 Potions","damage_taken":0,"max_hp_gain":0,"max_hp_loss":0,"event_name":"The Woman in Blue","floor":29,"gold_loss":0}],"is_beta":false,"boss_relics":[{"not_picked":["Runic Pyramid","Snecko Eye"],"picked":"Calling Bell"}],"items_purged_floors":[],"is_endless":false,"potions_floor_spawned":[10,13,14,24,25,27],"killed_by":"Champ","ascension_level":0}