{"gold_per_floor":[109,127,127,145,156,191,211,211,234,269,269,288,51,83,83,158,158,177,195,29,42,42,76,76,102,102,25,40,40,65,4,4,4],"floor_reached":33,"playtime":1291,"items_purged":["Strike_G"],"score":700,"play_id":"1dbcf0e5-c432-4bf6-bfc7-c724ec13df06","local_time":"20221208212449","is_ascension_mode":true,"campfire_choices":[{"data":"Catalyst","floor":8.0,"key":"SMITH"},{"data":"Dash","floor":11.0,"key":"SMITH"},{"floor":15.0,"key":"REST"},{"floor":24.0,"key":"REST"},{"floor":29,"key":"REST"},{"data":"Terror","floor":32,"key":"SMITH"}],"neow_cost":"NONE","seed_source_timestamp":187064183094000,"circlet_count":0,"master_deck":["AscendersBane","Strike_G","Strike_G","Strike_G","Strike_G","Defend_G","Defend_G","Defend_G","Defend_G","Defend_G","Survivor","Neutralize","Corpse Explosion","Backstab","Dagger Throw","Poisoned Stab","Catalyst+1","Acrobatics","Dash+1","Backflip","Reflex","Bullet Time","Terror+1","Crippling Poison","Catalyst+1","Flechettes","Neutralize","Die Die Die","PanicButton"],"special_seed":0,"relics":["Ring of the Snake","Calipers","Anchor","PreservedInsect","TwistedFunnel","Vajra","HoveringKite","DollysMirror","Toy Ornithopter","The Courier","Blue Candle","Meat on the Bone","Oddly Smooth Stone"],"potions_floor_usage":[25,30,33,33],"damage_taken":[{"damage":1.0,"enemies":"Small Slimes","floor":1.0,"turns":4.0},{"damage":0.0,"enemies":"Cultist","floor":2.0,"turns":3.0},{"damage":0.0,"enemies":"2 Louse","floor":4.0,"turns":1.0},{"damage":2.0,"enemies":"Exordium Thugs","floor":5.0,"turns":3.0},{"damage":2.0,"enemies":"3 Sentries","floor":6.0,"turns":3.0},{"damage":0.0,"enemies":"2 Fungi Beasts","floor":7.0,"turns":2.0},{"damage":29.0,"enemies":"Gremlin Nob","floor":10.0,"turns":4.0},{"damage":0.0,"enemies":"Lots of Slimes","floor":12.0,"turns":1.0},{"damage":17.0,"enemies":"Lagavulin","floor":14.0,"turns":5.0},{"damage":25.0,"enemies":"The Guardian","floor":16.0,"turns":8.0},{"damage":0.0,"enemies":"Chosen","floor":18.0,"turns":3.0},{"damage":20.0,"enemies":"Shell Parasite","floor":19.0,"turns":4.0},{"damage":16.0,"enemies":"Snake Plant","floor":21.0,"turns":3.0},{"damage":0.0,"enemies":"Slavers","floor":23.0,"turns":1.0},{"damage":14,"enemies":"Gremlin Leader","floor":25,"turns":3},{"damage":0,"enemies":"3 Cultists","floor":28,"turns":3},{"damage":1,"enemies":"Slavers","floor":30,"turns":4},{"damage":66,"enemies":"Champ","floor":33,"turns":6}],"seed_played":"-5285873849748203317","potions_obtained":[{"floor":1.0,"key":"Energy Potion"},{"floor":2.0,"key":"Swift Potion"},{"floor":7.0,"key":"SteroidPotion"},{"floor":10.0,"key":"PowerPotion"},{"floor":14.0,"key":"ColorlessPotion"},{"floor":23.0,"key":"DuplicationPotion"},{"floor":25,"key":"Dexterity Potion"},{"floor":28,"key":"Fire Potion"},{"floor":30,"key":"PowerPotion"}],"is_trial":false,"path_per_floor":["M","M","?","M","M","E","M","R","T","E","R","M","$","E","R","B",null,"M","M","$","M","?","E","R","E","T","$","M","R","E","?","R","B"],"character_chosen":"THE_SILENT","items_purchased":["TwistedFunnel","DollysMirror","PanicButton"],"campfire_rested":3,"item_purchase_floors":[13,20,27],"current_hp_per_floor":[58,58,58,58,56,54,54,54,54,25,25,25,25,8,27,2,50,50,30,30,14,14,14,33,24,24,24,24,43,47,47,47,0],"gold":4,"neow_bonus":"ONE_RANDOM_RARE_CARD","is_prod":false,"is_daily":false,"chose_seed":false,"campfire_upgraded":3,"win_rate":0,"timestamp":1670552689,"path_taken":["M","M","?","?","M","E","M","R","T","E","R","M","$","E","R","BOSS","M","M","$","M","?","E","R","E","T","?","?","R","E","?","R","BOSS"],"build_version":"2022-12-01","purchased_purges":1,"victory":false,"max_hp_per_floor":[66,66,66,66,66,66,66,66,66,66,66,66,66,66,66,66,66,66,66,66,66,66,66,66,66,66,66,66,66,66,66,66,66],"card_choices":[{"not_picked":["Distraction","Dodge and Roll"],"picked":"Backstab","floor":1.0},{"not_picked":["Quick Slash","Outmaneuver"],"picked":"Dagger Throw","floor":2.0},{"not_picked":["Eviscerate","Acrobatics"],"picked":"Poisoned Stab","floor":4.0},{"not_picked":["Deflect","Heel Hook"],"picked":"Catalyst","floor":5.0},{"not_picked":["Dagger Spray","Deflect","Distraction"],"picked":"SKIP","floor":6.0},{"not_picked":["Quick Slash","Slice"],"picked":"Acrobatics","floor":7.0},{"not_picked":["Dagger Throw","Cloak And Dagger"],"picked":"Dash","floor":10.0},{"not_picked":["Reflex","Poisoned Stab"],"picked":"Backflip","floor":12.0},{"not_picked":["Dodge and Roll","Cloak And Dagger"],"picked":"Reflex","floor":14.0},{"not_picked":["Corpse Explosion","Glass Knife"],"picked":"Bullet Time","floor":16.0},{"not_picked":["Deadly Poison","Dagger Throw"],"picked":"Terror","floor":18.0},{"not_picked":["Choke","Deadly Poison"],"picked":"Crippling Poison","floor":19.0},{"not_picked":["Dagger Throw","Underhanded Strike"],"picked":"Flechettes","floor":21.0},{"not_picked":["Deadly Poison","Dodge and Roll"],"picked":"Die Die Die","floor":23.0},{"not_picked":["Blade Dance","Skewer","Quick Slash"],"picked":"SKIP","floor":25},{"not_picked":["Backflip","PiercingWail","Sucker Punch"],"picked":"SKIP","floor":28},{"not_picked":["Deflect","Escape Plan","Dagger Spray"],"picked":"SKIP","floor":30}],"player_experience":1271822,"relics_obtained":[{"floor":6.0,"key":"Calipers"},{"floor":9.0,"key":"Anchor"},{"floor":10.0,"key":"PreservedInsect"},{"floor":14.0,"key":"Vajra"},{"floor":23.0,"key":"Toy Ornithopter"},{"floor":25,"key":"The Courier"},{"floor":26,"key":"Blue Candle"},{"floor":30,"key":"Meat on the Bone"}],"event_choices":[{"damage_healed":0.0,"max_hp_gain":0.0,"max_hp_loss":0.0,"gold_gain":0.0,"event_name":"Lab","player_choice":"Got Potions","floor":3.0,"gold_loss":0.0,"damage_taken":0.0},{"damage_healed":0.0,"max_hp_gain":0.0,"max_hp_loss":0.0,"gold_gain":0.0,"event_name":"Match and Keep!","player_choice":"1 cards matched","floor":22.0,"gold_loss":0.0,"damage_taken":0.0,"cards_obtained":["Neutralize"]},{"damage_healed":0,"gold_gain":0,"player_choice":"Paid Gold","damage_taken":0,"relics_obtained":["Oddly Smooth Stone"],"max_hp_gain":0,"max_hp_loss":0,"event_name":"WeMeetAgain","floor":31,"gold_loss":61}],"is_beta":false,"boss_relics":[{"not_picked":["Pandora\u0027s Box","Calling Bell"],"picked":"HoveringKite"}],"items_purged_floors":[13],"is_endless":false,"potions_floor_spawned":[1,2,7,10,14,23,25,28,30],"killed_by":"Champ","ascension_level":20}