{"gold_per_floor":[114,128,20,95,95,95,125,125,125,17,17,30,0,29,41,53],"floor_reached":16,"playtime":655,"items_purged":[],"score":212,"play_id":"d1d0cb8c-6539-4c11-9d67-9f0aff8a8cf5","local_time":"20221208204447","is_ascension_mode":true,"campfire_choices":[{"floor":6,"key":"REST"},{"floor":11,"key":"REST"},{"floor":15,"key":"REST"}],"neow_cost":"NONE","seed_source_timestamp":185358157319500,"circlet_count":0,"master_deck":["AscendersBane","Strike_G","Strike_G+1","Strike_G","Strike_G+1","Strike_G","Defend_G","Defend_G","Defend_G","Defend_G","Survivor","Neutralize","Dodge and Roll","Dodge and Roll","Blur","Slice","Infinite Blades","Backflip","Storm of Steel","Prepared","Dash","Noxious Fumes","Crippling Poison"],"special_seed":0,"relics":["Ring of the Snake","Potion Belt","The Courier","MawBank"],"potions_floor_usage":[7,14],"damage_taken":[{"damage":8,"enemies":"Small Slimes","floor":1,"turns":4},{"damage":9,"enemies":"Jaw Worm","floor":2,"turns":7},{"damage":25,"enemies":"3 Sentries","floor":7,"turns":13},{"damage":1,"enemies":"2 Louse","floor":12,"turns":4},{"damage":24,"enemies":"Lagavulin","floor":14,"turns":10},{"damage":30,"enemies":"Hexaghost","floor":16,"turns":13}],"seed_played":"2596063123099782505","potions_obtained":[{"floor":2,"key":"Ancient Potion"},{"floor":12,"key":"Weak Potion"}],"is_trial":false,"path_per_floor":["M","M","$","?","?","R","E","?","T","$","R","M","$","E","R","B"],"character_chosen":"THE_SILENT","items_purchased":["Blur","Slice","Storm of Steel","Prepared","Noxious Fumes"],"campfire_rested":3,"item_purchase_floors":[3,3,10,10,13],"current_hp_per_floor":[57,48,48,37,37,58,33,11,11,11,32,31,31,7,28,0],"gold":53,"neow_bonus":"TEN_PERCENT_HP_BONUS","is_prod":false,"is_daily":false,"chose_seed":false,"campfire_upgraded":0,"win_rate":0,"timestamp":1670550287,"path_taken":["M","M","$","?","?","R","E","?","T","$","R","?","$","E","R","BOSS"],"build_version":"2022-12-01","purchased_purges":0,"victory":false,"max_hp_per_floor":[72,72,72,72,72,72,72,72,72,72,72,72,72,72,72,72],"card_choices":[{"not_picked":["Flying Knee","Deflect"],"picked":"Dodge and Roll","floor":1},{"not_picked":["Bouncing Flask","Flechettes"],"picked":"Dodge and Roll","floor":2},{"not_picked":["Predator","Eviscerate"],"picked":"Backflip","floor":7},{"not_picked":["Flechettes","Eviscerate"],"picked":"Dash","floor":12},{"not_picked":["Escape Plan","Choke"],"picked":"Crippling Poison","floor":14}],"player_experience":1270161,"relics_obtained":[{"floor":7,"key":"Potion Belt"},{"floor":9,"key":"The Courier"},{"floor":14,"key":"MawBank"}],"event_choices":[{"damage_healed":0,"gold_gain":75,"player_choice":"Gather Gold","damage_taken":11,"max_hp_gain":0,"max_hp_loss":0,"event_name":"World of Goop","floor":4,"gold_loss":0},{"damage_healed":0,"gold_gain":0,"cards_transformed":["Defend_G"],"player_choice":"Change","damage_taken":0,"max_hp_gain":0,"max_hp_loss":0,"event_name":"Living Wall","floor":5,"gold_loss":0,"cards_obtained":["Infinite Blades"]},{"damage_healed":0,"gold_gain":0,"player_choice":"Entered Light","damage_taken":22,"max_hp_gain":0,"max_hp_loss":0,"event_name":"Shining Light","floor":8,"gold_loss":0,"cards_upgraded":["Strike_G","Strike_G"]}],"is_beta":false,"boss_relics":[],"items_purged_floors":[],"is_endless":false,"potions_floor_spawned":[2,12],"killed_by":"Hexaghost","ascension_level":20}