{"gold_per_floor":[109,125,139,15,15,15,15,50,138,150,203,215,227,279,291,401,413,449,485,516,548,12,12],"floor_reached":23,"playtime":897,"items_purged":["Strike_G"],"score":418,"play_id":"2d038dc3-32da-4f3c-90ba-e31e9f01404a","local_time":"20221215112414","is_ascension_mode":true,"campfire_choices":[{"data":"Eviscerate","floor":6,"key":"SMITH"},{"floor":10,"key":"REST"},{"floor":12,"key":"REST"},{"floor":15,"key":"REST"}],"neow_cost":"NONE","seed_source_timestamp":118295440380900,"circlet_count":0,"master_deck":["AscendersBane","Strike_G","Strike_G","Strike_G","Strike_G","Defend_G","Defend_G","Defend_G","Defend_G","Defend_G","Survivor","Neutralize","Caltrops","All Out Attack","Eviscerate+1","Accuracy","Crippling Poison","Escape Plan","Heel Hook","Dash","Die Die Die","All Out Attack+1","Acrobatics","Terror","Well Laid Plans"],"relics":["Ring of the Snake","NeowsBlessing","Golden Idol","MawBank","Meat on the Bone","Bag of Marbles","Centennial Puzzle","Busted Crown","Ninja Scroll","ClockworkSouvenir"],"potions_floor_usage":[8,11,18,21,21],"damage_taken":[{"damage":0,"enemies":"Small Slimes","floor":1,"turns":1},{"damage":0,"enemies":"2 Louse","floor":2,"turns":1},{"damage":0,"enemies":"Jaw Worm","floor":3,"turns":1},{"damage":20,"enemies":"Lagavulin","floor":8,"turns":6},{"damage":39,"enemies":"Gremlin Nob","floor":11,"turns":5},{"damage":31,"enemies":"Lagavulin","floor":14,"turns":9},{"damage":15,"enemies":"The Guardian","floor":16,"turns":14},{"damage":6,"enemies":"Spheric Guardian","floor":18,"turns":3},{"damage":27,"enemies":"Shell Parasite","floor":19,"turns":6},{"damage":24,"enemies":"Snake Plant","floor":20,"turns":3},{"damage":1,"enemies":"3 Cultists","floor":21,"turns":4},{"damage":39,"enemies":"Book of Stabbing","floor":23,"turns":4}],"seed_played":"-3420654748238866582","potions_obtained":[{"floor":1,"key":"LiquidMemories"},{"floor":8,"key":"Weak Potion"},{"floor":16,"key":"Fire Potion"},{"floor":19,"key":"FearPotion"},{"floor":20,"key":"Energy Potion"}],"is_trial":false,"path_per_floor":["M","M","M","$","?","R","?","E","T","R","E","R","?","E","R","B",null,"M","M","M","M","$","E"],"character_chosen":"THE_SILENT","items_purchased":["Accuracy","Crippling Poison","Ninja Scroll","ClockworkSouvenir","Well Laid Plans"],"campfire_rested":3,"item_purchase_floors":[4,4,22,22,22],"current_hp_per_floor":[59,59,59,59,66,66,43,23,23,42,15,34,34,15,34,31,57,51,36,24,35,35,0],"gold":12,"neow_bonus":"THREE_ENEMY_KILL","is_prod":false,"is_daily":false,"chose_seed":false,"campfire_upgraded":1,"win_rate":0,"timestamp":1671121454,"path_taken":["M","M","M","$","?","R","?","E","T","R","E","R","?","E","R","BOSS","M","M","M","M","$","E"],"build_version":"2022-12-01","purchased_purges":1,"victory":false,"max_hp_per_floor":[66,66,66,66,66,66,66,66,66,66,66,66,66,66,66,66,66,66,66,66,66,66,66],"card_choices":[{"not_picked":["Sucker Punch","Quick Slash"],"picked":"Caltrops","floor":1},{"not_picked":["Blade Dance","Caltrops"],"picked":"All Out Attack","floor":2},{"not_picked":["Flechettes","Catalyst"],"picked":"Eviscerate","floor":3},{"not_picked":["Masterful Stab","Dagger Spray"],"picked":"Escape Plan","floor":8},{"not_picked":["Deadly Poison","Sucker Punch"],"picked":"Heel Hook","floor":11},{"not_picked":["Reflex","Backflip"],"picked":"Dash","floor":14},{"not_picked":["Venomology","Doppelganger"],"picked":"Die Die Die","floor":16},{"not_picked":[],"picked":"All Out Attack+1","floor":18},{"not_picked":["Masterful Stab"],"picked":"SKIP","floor":19},{"not_picked":[],"picked":"Acrobatics","floor":20},{"not_picked":[],"picked":"Terror","floor":21}],"player_experience":1366844,"relics_obtained":[{"floor":8,"key":"MawBank"},{"floor":9,"key":"Meat on the Bone"},{"floor":11,"key":"Bag of Marbles"},{"floor":14,"key":"Centennial Puzzle"}],"event_choices":[{"damage_healed":22,"gold_gain":0,"player_choice":"Banana","damage_taken":0,"max_hp_gain":0,"max_hp_loss":0,"event_name":"Big Fish","floor":5,"gold_loss":0},{"damage_healed":0,"gold_gain":0,"player_choice":"Take Damage","damage_taken":23,"relics_obtained":["Golden Idol"],"max_hp_gain":0,"max_hp_loss":0,"event_name":"Golden Idol","floor":7,"gold_loss":0},{"damage_healed":0,"gold_gain":0,"player_choice":"Ignored","damage_taken":0,"max_hp_gain":0,"max_hp_loss":0,"event_name":"Shining Light","floor":13,"gold_loss":0}],"is_beta":false,"boss_relics":[{"not_picked":["Sozu","SacredBark"],"picked":"Busted Crown"}],"items_purged_floors":[22],"is_endless":false,"potions_floor_spawned":[1,8,16,19,20],"killed_by":"Book of Stabbing","ascension_level":20}