{"gold_per_floor":[118,118,129,140,154,154,186,186,186,196,196,17,50,62,62,158,158,173,173,134,134,34,34,64,64,89,108,108,128,128,128],"floor_reached":31,"playtime":1293,"items_purged":["Strike_G","Strike_G"],"score":395,"play_id":"8a0f25a2-0253-437a-9378-2234b0411f7c","local_time":"20221216145731","is_ascension_mode":true,"campfire_choices":[{"data":"Cloak And Dagger","floor":6.0,"key":"SMITH"},{"data":"Accuracy","floor":8.0,"key":"SMITH"},{"data":"Calculated Gamble","floor":11.0,"key":"SMITH"},{"data":"Blade Dance","floor":15.0,"key":"SMITH"},{"data":"Terror","floor":23,"key":"SMITH"},{"data":"Tactician","floor":25,"key":"SMITH"},{"data":"Glass Knife","floor":28,"key":"SMITH"}],"neow_cost":"NONE","seed_source_timestamp":8742118357300,"circlet_count":0,"master_deck":["AscendersBane","Strike_G","Strike_G","Defend_G","Defend_G","Defend_G","Defend_G","Survivor","Neutralize","Calculated Gamble+1","After Image","Accuracy+1","Cloak And Dagger+1","Escape Plan","Unload","Underhanded Strike","Blade Dance+1","Footwork","Deflect","Tactician+1","Glass Knife+1","Finisher+1","Terror+1","Dagger Throw","Acrobatics","RitualDagger"],"special_seed":0,"relics":["Ring of the Snake","NeowsBlessing","Anchor","Strawberry","Kunai","Sozu","Torii"],"potions_floor_usage":[16,18],"damage_taken":[{"damage":0.0,"enemies":"Small Slimes","floor":1.0,"turns":1.0},{"damage":0.0,"enemies":"Cultist","floor":3.0,"turns":1.0},{"damage":0.0,"enemies":"2 Louse","floor":4.0,"turns":1.0},{"damage":4.0,"enemies":"Blue Slaver","floor":5.0,"turns":6.0},{"damage":3.0,"enemies":"3 Sentries","floor":7.0,"turns":16.0},{"damage":1.0,"enemies":"3 Louse","floor":10.0,"turns":3.0},{"damage":20.0,"enemies":"Gremlin Nob","floor":13.0,"turns":4.0},{"damage":0.0,"enemies":"Exordium Thugs","floor":14.0,"turns":3.0},{"damage":37,"enemies":"Hexaghost","floor":16,"turns":10},{"damage":0,"enemies":"3 Byrds","floor":18,"turns":3},{"damage":14,"enemies":"Book of Stabbing","floor":24,"turns":6},{"damage":0,"enemies":"Shell Parasite","floor":27,"turns":3},{"damage":18,"enemies":"Cultist and Chosen","floor":29,"turns":6},{"damage":21,"enemies":"Gremlin Leader","floor":31,"turns":2}],"seed_played":"-7420493615379287186","potions_obtained":[{"floor":1.0,"key":"GhostInAJar"},{"floor":5.0,"key":"Block Potion"},{"floor":13.0,"key":"FearPotion"},{"floor":16,"key":"Explosive Potion"}],"is_trial":false,"path_per_floor":["M","?","M","M","M","R","E","R","T","M","R","$","E","M","R","B",null,"M","?","$","?","$","R","E","R","T","M","R","M","?","E"],"character_chosen":"THE_SILENT","items_purchased":["Blade Dance","Footwork","Terror"],"campfire_rested":0,"item_purchase_floors":[12,12,20],"current_hp_per_floor":[63,63,63,63,59,59,56,56,63,62,62,62,42,42,42,5,59,59,59,59,59,59,59,45,45,45,45,45,27,21,0],"gold":128,"neow_bonus":"THREE_ENEMY_KILL","is_prod":false,"is_daily":false,"chose_seed":false,"campfire_upgraded":7,"win_rate":0,"timestamp":1671220651,"path_taken":["M","?","M","M","M","R","E","R","T","M","R","?","E","M","R","BOSS","M","?","$","?","$","R","E","R","T","?","R","M","?","E"],"build_version":"2022-12-01","purchased_purges":2,"victory":false,"max_hp_per_floor":[70,70,70,70,70,70,70,70,77,77,77,77,77,77,77,77,77,77,77,77,77,77,77,77,77,77,77,77,77,77,77],"card_choices":[{"not_picked":["Slice","Heel Hook"],"picked":"Calculated Gamble","floor":1.0},{"not_picked":["Cloak And Dagger","Dagger Spray"],"picked":"Accuracy","floor":3.0},{"not_picked":["Slice","Dash"],"picked":"Cloak And Dagger","floor":4.0},{"not_picked":["Riddle With Holes","Deflect"],"picked":"Escape Plan","floor":5.0},{"not_picked":["Heel Hook","Prepared"],"picked":"Unload","floor":7.0},{"not_picked":["PiercingWail","Concentrate"],"picked":"Underhanded Strike","floor":10.0},{"not_picked":["Dodge and Roll","Outmaneuver"],"picked":"Deflect","floor":13.0},{"not_picked":["Prepared","Escape Plan"],"picked":"Tactician","floor":14.0},{"not_picked":["Doppelganger","Burst"],"picked":"Glass Knife","floor":16},{"not_picked":["Deflect","Deadly Poison+1"],"picked":"Finisher+1","floor":18},{"not_picked":["Deflect","Tactician"],"picked":"Dagger Throw","floor":24},{"not_picked":["Eviscerate","Terror"],"picked":"Acrobatics","floor":27},{"not_picked":["Deflect","Tactician","Acrobatics"],"picked":"SKIP","floor":29}],"player_experience":1386960,"relics_obtained":[{"floor":7.0,"key":"Anchor"},{"floor":9.0,"key":"Strawberry"},{"floor":13.0,"key":"Kunai"},{"floor":24,"key":"Torii"}],"event_choices":[{"damage_healed":0.0,"max_hp_gain":0.0,"max_hp_loss":0.0,"gold_gain":0.0,"cards_transformed":["Strike_G"],"event_name":"Transmorgrifier","player_choice":"Transformed","floor":2.0,"gold_loss":0.0,"damage_taken":0.0,"cards_obtained":["After Image"]},{"damage_healed":0,"gold_gain":0,"player_choice":"Ignored","damage_taken":0,"max_hp_gain":0,"max_hp_loss":0,"event_name":"betterNote:BetterNote","floor":19,"gold_loss":0,"cards_obtained":["Blasphemy"]},{"cards_removed":["Defend_G"],"damage_healed":0,"gold_gain":0,"player_choice":"Card Removal","damage_taken":0,"max_hp_gain":0,"max_hp_loss":0,"event_name":"Wheel of Change","floor":21,"gold_loss":0},{"damage_healed":0,"gold_gain":0,"player_choice":"Joined the Cult","damage_taken":6,"max_hp_gain":0,"max_hp_loss":0,"event_name":"Nest","floor":30,"gold_loss":0,"cards_obtained":["RitualDagger"]}],"is_beta":false,"boss_relics":[{"not_picked":["Ectoplasm","SacredBark"],"picked":"Sozu"}],"items_purged_floors":[12,22],"is_endless":false,"potions_floor_spawned":[1,5,13,16,18,29],"killed_by":"Gremlin Leader","ascension_level":10}