{"gold_per_floor":[111,131,142,162,162,188,188,188,188,188,200,12,26,26],"floor_reached":14,"playtime":455,"items_purged":["Strike_G"],"score":184,"play_id":"ba6a7905-e372-4140-83d0-602ebc4c03ec","local_time":"20221215105501","is_ascension_mode":true,"campfire_choices":[{"floor":7,"key":"REST"}],"neow_cost":"NONE","seed_source_timestamp":116986354442400,"circlet_count":0,"master_deck":["AscendersBane","Strike_G","Strike_G+1","Strike_G","Defend_G","Defend_G","Defend_G","Defend_G","Defend_G","Survivor","Neutralize","Eviscerate","Blade Dance","PiercingWail","Blur+1","Bullet Time","Blade Dance","Noxious Fumes","Cloak And Dagger","Concentrate"],"relics":["Ring of the Snake","NeowsBlessing","Kunai","HornCleat","TungstenRod"],"potions_floor_usage":[4,6],"damage_taken":[{"damage":0,"enemies":"Jaw Worm","floor":1,"turns":1},{"damage":0,"enemies":"2 Louse","floor":2,"turns":1},{"damage":0,"enemies":"Cultist","floor":3,"turns":1},{"damage":0,"enemies":"Large Slime","floor":4,"turns":3},{"damage":34,"enemies":"3 Sentries","floor":6,"turns":12},{"damage":2,"enemies":"Looter","floor":11,"turns":3},{"damage":0,"enemies":"Exordium Thugs","floor":13,"turns":4},{"damage":52,"enemies":"Gremlin Nob","floor":14,"turns":4}],"seed_played":"2376513214049444313","potions_obtained":[{"floor":1,"key":"Weak Potion"},{"floor":2,"key":"LiquidMemories"}],"is_trial":false,"path_per_floor":["M","M","M","M","?","E","R","T","T","?","M","$","M","E"],"character_chosen":"THE_SILENT","items_purchased":["Noxious Fumes","Cloak And Dagger"],"campfire_rested":1,"item_purchase_floors":[12,12],"current_hp_per_floor":[59,59,59,59,39,5,24,24,24,24,22,22,22,0],"gold":26,"neow_bonus":"THREE_ENEMY_KILL","is_prod":false,"is_daily":false,"chose_seed":false,"campfire_upgraded":0,"win_rate":0,"timestamp":1671119701,"path_taken":["M","M","M","M","?","E","R","?","T","?","M","$","?","E"],"build_version":"2022-12-01","purchased_purges":1,"victory":false,"max_hp_per_floor":[66,66,66,66,66,66,66,66,66,66,66,66,66,66],"card_choices":[{"not_picked":["Riddle With Holes","Terror"],"picked":"Eviscerate","floor":1},{"not_picked":["Well Laid Plans","Escape Plan"],"picked":"Blade Dance","floor":2},{"not_picked":["Flying Knee","Quick Slash"],"picked":"PiercingWail","floor":3},{"not_picked":["PiercingWail","Bane"],"picked":"Blur","floor":4},{"not_picked":["Terror","Dodge and Roll"],"picked":"Bullet Time","floor":6},{"not_picked":["Backflip","Flying Knee"],"picked":"Blade Dance","floor":11},{"not_picked":["Catalyst","Masterful Stab"],"picked":"Concentrate","floor":13}],"player_experience":1366844,"relics_obtained":[{"floor":6,"key":"Kunai"},{"floor":8,"key":"HornCleat"},{"floor":9,"key":"TungstenRod"}],"event_choices":[{"damage_healed":0,"gold_gain":0,"player_choice":"Entered Light","damage_taken":20,"max_hp_gain":0,"max_hp_loss":0,"event_name":"Shining Light","floor":5,"gold_loss":0,"cards_upgraded":["Strike_G","Blur"]},{"cards_removed":["Strike_G"],"damage_healed":0,"gold_gain":0,"player_choice":"Purged","damage_taken":0,"max_hp_gain":0,"max_hp_loss":0,"event_name":"Purifier","floor":10,"gold_loss":0}],"is_beta":false,"boss_relics":[],"items_purged_floors":[12],"is_endless":false,"potions_floor_spawned":[1,2],"killed_by":"Gremlin Nob","ascension_level":20}