{"gold_per_floor":[110,32,43,43,55,82,100,100],"floor_reached":8,"playtime":266,"items_purged":[],"score":116,"play_id":"0d382ca5-23d4-4396-90ae-fb093fa872bf","local_time":"20221215113641","is_ascension_mode":true,"campfire_choices":[],"neow_cost":"NONE","seed_source_timestamp":119674729233200,"circlet_count":0,"master_deck":["AscendersBane","Strike_G","Strike_G","Strike_G","Strike_G","Strike_G","Defend_G","Defend_G","Defend_G","Defend_G","Survivor","Neutralize","Slice","Noxious Fumes","Quick Slash","Blur","Dagger Throw","Deadly Poison","Riddle With Holes"],"relics":["Ring of the Snake","NeowsBlessing","Sundial"],"potions_floor_usage":[6,8],"damage_taken":[{"damage":0,"enemies":"2 Louse","floor":1,"turns":1},{"damage":0,"enemies":"Cultist","floor":3,"turns":1},{"damage":0,"enemies":"Jaw Worm","floor":5,"turns":1},{"damage":35,"enemies":"3 Sentries","floor":6,"turns":8},{"damage":18,"enemies":"Exordium Wildlife","floor":7,"turns":4},{"damage":12,"enemies":"Lagavulin","floor":8,"turns":3}],"seed_played":"2864465496532137204","potions_obtained":[{"floor":3,"key":"LiquidMemories"},{"floor":7,"key":"Strength Potion"}],"is_trial":false,"path_per_floor":["M","$","M","?","M","E","M","E"],"character_chosen":"THE_SILENT","items_purchased":["Noxious Fumes"],"campfire_rested":0,"item_purchase_floors":[2],"current_hp_per_floor":[59,59,59,59,59,24,6,0],"gold":100,"neow_bonus":"THREE_ENEMY_KILL","is_prod":false,"is_daily":false,"chose_seed":false,"campfire_upgraded":0,"win_rate":0,"timestamp":1671122201,"path_taken":["M","$","M","?","M","E","M","E"],"build_version":"2022-12-01","purchased_purges":0,"victory":false,"max_hp_per_floor":[66,66,66,66,66,66,66,66],"card_choices":[{"not_picked":["Catalyst","Dodge and Roll"],"picked":"Slice","floor":1},{"not_picked":["Backflip","Dodge and Roll"],"picked":"Quick Slash","floor":3},{"not_picked":["Deadly Poison","Doppelganger"],"picked":"Dagger Throw","floor":5},{"not_picked":["Footwork","Deflect"],"picked":"Deadly Poison","floor":6},{"not_picked":["Flying Knee","Slice"],"picked":"Riddle With Holes","floor":7}],"player_experience":1366844,"relics_obtained":[{"floor":6,"key":"Sundial"}],"event_choices":[{"damage_healed":0,"gold_gain":0,"cards_transformed":["Defend_G"],"player_choice":"Transformed","damage_taken":0,"max_hp_gain":0,"max_hp_loss":0,"event_name":"Transmorgrifier","floor":4,"gold_loss":0,"cards_obtained":["Blur"]}],"is_beta":false,"boss_relics":[],"items_purged_floors":[],"is_endless":false,"potions_floor_spawned":[3,7],"killed_by":"Lagavulin","ascension_level":20}