{"gold_per_floor":[116,1,16,16,28,28,47,73,100,100,110,110,143,108,108,212,212,222,239,61,73,86,86,121,121,193,209,209,209,236,236,236,331,331,342,58,108,119,119,119,151,166,166,166],"floor_reached":44,"playtime":1879,"items_purged":["Strike_G","Strike_G"],"score":767,"play_id":"5b12ee71-abdc-47c9-af53-c49d63bba8ed","local_time":"20221222143230","is_ascension_mode":true,"campfire_choices":[{"data":"Finisher","floor":6,"key":"SMITH"},{"data":"Dash","floor":10,"key":"SMITH"},{"floor":12,"key":"REST"},{"data":"Noxious Fumes","floor":15,"key":"SMITH"},{"data":"Storm of Steel","floor":23,"key":"SMITH"},{"floor":25,"key":"REST"},{"floor":29,"key":"REST"},{"data":"Well Laid Plans","floor":32,"key":"SMITH"},{"floor":40,"key":"REST"}],"neow_cost":"NONE","seed_source_timestamp":525056769257999,"circlet_count":0,"master_deck":["AscendersBane","Strike_G","Strike_G","Strike_G","Defend_G","Defend_G","Survivor","Neutralize","Poisoned Stab","Dash+1","Poisoned Stab","Finisher+1","Dagger Spray","Escape Plan","Blade Dance","Noxious Fumes+1","Storm of Steel+1","Terror+1","Acrobatics+1","Well Laid Plans+1","PiercingWail+1","Injury","Genetic Algorithm","Bane+1","Dash","Malaise","Wraith Form v2","Sucker Punch+1","Glass Knife","Crippling Poison+1","Adrenaline","Prepared+1","Injury"],"relics":["Runic Dome","Pen Nib","Akabeko","Juzu Bracelet","Cursed Key","Shuriken","StrikeDummy","Question Card","Busted Crown","HandDrill","Prayer Wheel","Vajra"],"potions_floor_usage":[11,16,16,30,30,33,38,44],"damage_taken":[{"damage":0,"enemies":"Cultist","floor":1,"turns":4},{"damage":0,"enemies":"Small Slimes","floor":3,"turns":4},{"damage":0,"enemies":"Jaw Worm","floor":5,"turns":3},{"damage":5,"enemies":"Exordium Wildlife","floor":7,"turns":3},{"damage":17,"enemies":"3 Sentries","floor":8,"turns":8},{"damage":1,"enemies":"Exordium Thugs","floor":11,"turns":3},{"damage":12,"enemies":"Lagavulin","floor":13,"turns":6},{"damage":11,"enemies":"Hexaghost","floor":16,"turns":8},{"damage":9,"enemies":"2 Thieves","floor":18,"turns":3},{"damage":0,"enemies":"Chosen","floor":19,"turns":3},{"damage":16,"enemies":"Centurion and Healer","floor":21,"turns":5},{"damage":14,"enemies":"3 Cultists","floor":22,"turns":5},{"damage":9,"enemies":"Book of Stabbing","floor":24,"turns":3},{"damage":0,"enemies":"Snake Plant","floor":27,"turns":3},{"damage":0,"enemies":"Gremlin Leader","floor":30,"turns":4},{"damage":51,"enemies":"Champ","floor":33,"turns":8},{"damage":11,"enemies":"Orb Walker","floor":35,"turns":4},{"damage":0,"enemies":"Mind Bloom Boss Battle","floor":37,"turns":3},{"damage":17,"enemies":"3 Shapes","floor":38,"turns":5},{"damage":26,"enemies":"Giant Head","floor":41,"turns":7},{"damage":2,"enemies":"Transient","floor":42,"turns":5},{"damage":24,"enemies":"Reptomancer","floor":44,"turns":3}],"seed_played":"8324598784407773112","potions_obtained":[{"floor":3,"key":"PowerPotion"},{"floor":8,"key":"Explosive Potion"},{"floor":13,"key":"DuplicationPotion"},{"floor":19,"key":"Energy Potion"},{"floor":24,"key":"GamblersBrew"},{"floor":30,"key":"GamblersBrew"},{"floor":33,"key":"GamblersBrew"},{"floor":35,"key":"SmokeBomb"},{"floor":38,"key":"CultistPotion"},{"floor":41,"key":"DistilledChaos"}],"is_trial":false,"path_per_floor":["M","$","M","?","M","R","M","E","T","R","M","R","E","?","R","B",null,"M","M","$","M","M","R","E","R","T","M","?","R","E","?","R","B",null,"M","$","?","M","?","R","E","M","T","E"],"character_chosen":"THE_SILENT","items_purchased":["Dash","Well Laid Plans","HandDrill","Glass Knife"],"campfire_rested":4,"item_purchase_floors":[2,20,36,36],"current_hp_per_floor":[63,63,63,63,63,63,58,41,41,41,40,61,49,66,66,55,66,57,57,57,41,27,27,18,39,39,39,39,60,60,60,60,9,55,44,44,44,27,27,48,22,20,20,0],"gold":166,"neow_bonus":"BOSS_RELIC","is_prod":false,"is_daily":false,"chose_seed":false,"campfire_upgraded":5,"win_rate":0,"timestamp":1671737550,"path_taken":["M","?","M","?","M","R","M","E","T","R","M","R","E","?","R","BOSS","M","M","$","M","M","R","E","R","T","M","?","R","E","?","R","BOSS","M","$","?","M","?","R","E","M","T","E"],"build_version":"2022-12-18","purchased_purges":2,"victory":false,"max_hp_per_floor":[70,70,70,70,70,70,70,70,70,70,70,70,70,70,70,70,70,70,70,70,70,70,70,70,70,70,70,70,70,70,70,70,70,70,70,70,70,70,70,70,70,70,70,70],"card_choices":[{"not_picked":["Cloak And Dagger","Prepared"],"picked":"Poisoned Stab","floor":1},{"not_picked":["Dagger Throw","Bouncing Flask"],"picked":"Poisoned Stab","floor":3},{"not_picked":["Flying Knee","Prepared"],"picked":"Finisher","floor":5},{"not_picked":["Dodge and Roll","Prepared"],"picked":"Dagger Spray","floor":7},{"not_picked":["Underhanded Strike","Outmaneuver"],"picked":"Escape Plan","floor":8},{"not_picked":["Heel Hook","Dagger Spray"],"picked":"Blade Dance","floor":11},{"not_picked":["Deflect","Slice"],"picked":"Noxious Fumes","floor":13},{"not_picked":["Bullet Time","Grand Finale"],"picked":"Storm of Steel","floor":16},{"not_picked":["Cloak And Dagger","Poisoned Stab"],"picked":"Terror","floor":18},{"not_picked":["Dash","Deflect"],"picked":"Acrobatics+1","floor":19},{"not_picked":["Flying Knee","Prepared","Finisher"],"picked":"SKIP","floor":21},{"not_picked":["Quick Slash","Caltrops+1"],"picked":"PiercingWail+1","floor":22},{"not_picked":["Skewer","Envenom","Infinite Blades"],"picked":"SKIP","floor":24},{"not_picked":["Caltrops+1","Dagger Throw","Acrobatics"],"picked":"SKIP","floor":27},{"not_picked":["Blur","Reflex"],"picked":"Bane+1","floor":30},{"not_picked":["A Thousand Cuts","Storm of Steel","After Image"],"picked":"Wraith Form v2","floor":33},{"not_picked":["PiercingWail"],"picked":"Sucker Punch+1","floor":35},{"not_picked":["Dagger Throw+1"],"picked":"Crippling Poison+1","floor":38},{"not_picked":["Dagger Throw","Eviscerate"],"picked":"SKIP","floor":38},{"not_picked":["Crippling Poison+1"],"picked":"Adrenaline","floor":41},{"not_picked":["Dagger Throw+1"],"picked":"Prepared+1","floor":42},{"not_picked":["Outmaneuver","Flying Knee"],"picked":"SKIP","floor":42}],"player_experience":874572,"relics_obtained":[{"floor":8,"key":"Pen Nib"},{"floor":9,"key":"Akabeko"},{"floor":13,"key":"Juzu Bracelet"},{"floor":24,"key":"Shuriken"},{"floor":26,"key":"StrikeDummy"},{"floor":30,"key":"Question Card"},{"floor":37,"key":"Prayer Wheel"},{"floor":41,"key":"Vajra"}],"event_choices":[{"cards_removed":["Defend_G"],"damage_healed":0,"gold_gain":0,"player_choice":"Offered Basic","damage_taken":0,"max_hp_gain":0,"max_hp_loss":0,"event_name":"Bonfire Elementals","floor":4,"gold_loss":0},{"damage_healed":17,"gold_gain":0,"player_choice":"Healed","damage_taken":0,"max_hp_gain":0,"max_hp_loss":0,"event_name":"The Cleric","floor":14,"gold_loss":35},{"cards_removed":["Dash"],"damage_healed":0,"gold_gain":0,"player_choice":"Take \u0026 Give","damage_taken":0,"max_hp_gain":0,"max_hp_loss":0,"event_name":"betterNote:BetterNote","floor":28,"gold_loss":0,"cards_obtained":["Genetic Algorithm"]},{"damage_healed":0,"gold_gain":0,"cards_transformed":["Defend_G","Defend_G"],"player_choice":"Became Test Subject","damage_taken":0,"max_hp_gain":0,"max_hp_loss":0,"event_name":"Drug Dealer","floor":31,"gold_loss":0,"cards_obtained":["Dash","Malaise"]},{"damage_healed":0,"gold_gain":0,"player_choice":"Fight","damage_taken":0,"max_hp_gain":0,"max_hp_loss":0,"event_name":"MindBloom","floor":37,"gold_loss":0},{"damage_healed":0,"gold_gain":0,"player_choice":"Forge","damage_taken":0,"max_hp_gain":0,"max_hp_loss":0,"event_name":"Accursed Blacksmith","floor":39,"gold_loss":0,"cards_upgraded":["Terror"]}],"is_beta":false,"boss_relics":[{"not_picked":["Sozu","Calling Bell"],"picked":"Cursed Key"},{"not_picked":["SacredBark","Fusion Hammer"],"picked":"Busted Crown"}],"items_purged_floors":[2,20],"is_endless":false,"potions_floor_spawned":[3,8,13,19,24,30,33,35,38,41],"killed_by":"Reptomancer","ascension_level":10}