{"gold_per_floor":[109,1,20,33,48,48,48,60,85,85,99,129,129,129],"floor_reached":14,"playtime":551,"items_purged":[],"score":138,"play_id":"c08fcd6f-f57d-47ba-8ca3-b7192dc65e6e","local_time":"20221219101116","is_ascension_mode":true,"campfire_choices":[{"data":"Distraction","floor":6,"key":"SMITH"},{"floor":10,"key":"REST"}],"neow_cost":"PERCENT_DAMAGE","seed_source_timestamp":251508015125600,"circlet_count":0,"master_deck":["AscendersBane","Strike_G","Strike_G","Strike_G","Strike_G","Defend_G","Defend_G","Defend_G","Defend_G","Defend_G","Survivor","Neutralize","Metamorphosis","Infinite Blades","Calculated Gamble","Caltrops","Poisoned Stab","Distraction+1","Accuracy","Poisoned Stab","Footwork","Backstab","Decay"],"relics":["Ring of the Snake","Strawberry","Smiling Mask"],"potions_floor_usage":[8,11,12],"damage_taken":[{"damage":0,"enemies":"Cultist","floor":1,"turns":4},{"damage":1,"enemies":"2 Louse","floor":3,"turns":3},{"damage":7,"enemies":"Jaw Worm","floor":4,"turns":3},{"damage":17,"enemies":"3 Louse","floor":5,"turns":3},{"damage":6,"enemies":"Large Slime","floor":8,"turns":5},{"damage":7,"enemies":"Blue Slaver","floor":11,"turns":6},{"damage":21,"enemies":"Lagavulin","floor":12,"turns":5},{"damage":46,"enemies":"Gremlin Nob","floor":14,"turns":4}],"seed_played":"-5491221247707560401","potions_obtained":[{"floor":5,"key":"Energy Potion"},{"floor":8,"key":"Swift Potion"},{"floor":11,"key":"Regen Potion"}],"is_trial":false,"path_per_floor":["M","$","M","M","M","R","?","M","T","R","M","E","?","E"],"character_chosen":"THE_SILENT","items_purchased":["Calculated Gamble","Caltrops"],"campfire_rested":1,"item_purchase_floors":[2,2],"current_hp_per_floor":[45,45,44,37,20,20,20,14,21,44,37,30,30,0],"gold":129,"neow_bonus":"RANDOM_COLORLESS_2","is_prod":false,"is_daily":false,"chose_seed":false,"campfire_upgraded":1,"win_rate":0,"timestamp":1671462676,"path_taken":["M","$","M","M","M","R","?","M","T","R","?","E","?","E"],"build_version":"2022-12-01","purchased_purges":0,"victory":false,"max_hp_per_floor":[70,70,70,70,70,70,70,70,77,77,77,77,77,77],"card_choices":[{"not_picked":["Secret Technique","Master of Strategy"],"picked":"Metamorphosis","floor":0},{"not_picked":["Sucker Punch","Deadly Poison"],"picked":"Infinite Blades","floor":1},{"not_picked":["Slice","Backflip"],"picked":"Poisoned Stab","floor":3},{"not_picked":["Prepared","Cloak And Dagger"],"picked":"Distraction","floor":4},{"not_picked":["Tactician","Bane"],"picked":"Accuracy","floor":5},{"not_picked":["Sucker Punch","Flying Knee"],"picked":"Poisoned Stab","floor":8},{"not_picked":["Quick Slash","Blur"],"picked":"Footwork","floor":11},{"not_picked":["Endless Agony","Concentrate"],"picked":"Backstab","floor":12}],"player_experience":855814,"relics_obtained":[{"floor":9,"key":"Strawberry"},{"floor":12,"key":"Smiling Mask"}],"event_choices":[{"cards_removed":["Strike_G"],"damage_healed":0,"gold_gain":0,"player_choice":"Purged","damage_taken":0,"max_hp_gain":0,"max_hp_loss":0,"event_name":"Purifier","floor":7,"gold_loss":0},{"damage_healed":0,"gold_gain":0,"player_choice":"Cursed","damage_taken":0,"max_hp_gain":0,"max_hp_loss":0,"event_name":"Wheel of Change","floor":13,"gold_loss":0,"cards_obtained":["Decay"]}],"is_beta":false,"boss_relics":[],"items_purged_floors":[],"is_endless":false,"potions_floor_spawned":[5,8,11],"killed_by":"Gremlin Nob","ascension_level":10}