{"gold_per_floor":[119,138,148,160,160,188,153,180,180,180,180,211,66,83,83,181,181,195,195,42,42,57,57,83,8,8,33,48,48],"floor_reached":29,"playtime":1333,"items_purged":["Defend_G"],"score":392,"play_id":"bc0b94cc-ce6c-4f60-b642-895d852781a9","local_time":"20221221224653","is_ascension_mode":true,"campfire_choices":[{"floor":11,"key":"REST"},{"floor":15,"key":"REST"},{"data":"Tools of the Trade","floor":23,"key":"SMITH"}],"neow_cost":"NONE","seed_source_timestamp":468880899900600,"circlet_count":0,"master_deck":["AscendersBane","Strike_G","Strike_G","Strike_G","Strike_G","Strike_G+1","Defend_G","Defend_G","Defend_G","Defend_G","Survivor","Neutralize","Bane+1","Dagger Throw","Blade Dance","Predator","Cloak And Dagger","Poisoned Stab","Backflip","Acrobatics","Tools of the Trade+1","Poisoned Stab+1","Footwork","Decay","Backflip+1","Deflect","Well Laid Plans","Deflect"],"relics":["Ring of the Snake","NeowsBlessing","Mummified Hand","StrikeDummy","Gremlin Horn","Snake Skull","OrangePellets","Sozu","Girya","StoneCalendar","Anchor"],"potions_floor_usage":[6,8,16,18],"damage_taken":[{"damage":0,"enemies":"Small Slimes","floor":1,"turns":1},{"damage":0,"enemies":"2 Louse","floor":2,"turns":1},{"damage":0,"enemies":"Jaw Worm","floor":3,"turns":1},{"damage":1,"enemies":"Blue Slaver","floor":4,"turns":4},{"damage":24,"enemies":"3 Sentries","floor":6,"turns":7},{"damage":19,"enemies":"Lagavulin","floor":8,"turns":7},{"damage":25,"enemies":"Gremlin Nob","floor":12,"turns":4},{"damage":1,"enemies":"3 Louse","floor":14,"turns":3},{"damage":22,"enemies":"Slime Boss","floor":16,"turns":8},{"damage":8,"enemies":"2 Thieves","floor":18,"turns":4},{"damage":14,"enemies":"Shell Parasite","floor":22,"turns":4},{"damage":27,"enemies":"Slavers","floor":24,"turns":6},{"damage":2,"enemies":"Shelled Parasite and Fungi","floor":28,"turns":5},{"damage":14,"enemies":"Snecko","floor":29,"turns":4}],"seed_played":"4337954303966067875","potions_obtained":[{"floor":3,"key":"PowerPotion"},{"floor":6,"key":"BlessingOfTheForge"},{"floor":14,"key":"Swift Potion"},{"floor":16,"key":"Energy Potion"}],"is_trial":false,"path_per_floor":["M","M","M","M","?","E","?","E","T","?","R","E","$","M","R","B",null,"M","?","$","?","M","R","E","$","T","T","M","M"],"character_chosen":"THE_SILENT","items_purchased":["OrangePellets","Footwork","Well Laid Plans"],"campfire_rested":2,"item_purchase_floors":[13,20,25],"current_hp_per_floor":[63,63,63,62,48,24,41,22,22,22,43,18,18,17,38,16,57,49,49,49,49,35,35,8,8,8,8,6,0],"gold":48,"neow_bonus":"THREE_ENEMY_KILL","is_prod":false,"is_daily":false,"chose_seed":false,"campfire_upgraded":1,"win_rate":0,"timestamp":1671680813,"path_taken":["M","M","M","M","?","E","?","E","T","?","R","E","$","?","R","BOSS","M","?","$","?","M","R","E","?","T","?","M","M"],"build_version":"2022-12-18","purchased_purges":1,"victory":false,"max_hp_per_floor":[70,70,70,70,70,70,70,70,70,70,70,70,70,70,70,70,70,70,70,70,70,70,70,70,70,70,70,70,70],"card_choices":[{"not_picked":["Quick Slash","Slice"],"picked":"Bane","floor":1},{"not_picked":["Backflip","Quick Slash"],"picked":"Dagger Throw","floor":2},{"not_picked":["Acrobatics","Bouncing Flask"],"picked":"Blade Dance","floor":3},{"not_picked":["Endless Agony","Dagger Throw"],"picked":"Predator","floor":4},{"not_picked":["Skewer","Blade Dance"],"picked":"Cloak And Dagger","floor":6},{"not_picked":["Malaise","Flechettes"],"picked":"Poisoned Stab","floor":8},{"not_picked":["Underhanded Strike","Caltrops"],"picked":"Backflip","floor":12},{"not_picked":["Underhanded Strike","Endless Agony"],"picked":"Acrobatics","floor":14},{"not_picked":["Burst","After Image"],"picked":"Tools of the Trade","floor":16},{"not_picked":["Deadly Poison","Cloak And Dagger"],"picked":"Poisoned Stab+1","floor":18},{"not_picked":["Outmaneuver+1","Dagger Throw"],"picked":"Backflip+1","floor":22},{"not_picked":["Acrobatics+1","Blade Dance"],"picked":"Deflect","floor":24},{"not_picked":["All Out Attack+1","Setup"],"picked":"Deflect","floor":28}],"player_experience":867212,"relics_obtained":[{"floor":6,"key":"Mummified Hand"},{"floor":8,"key":"StrikeDummy"},{"floor":9,"key":"Gremlin Horn"},{"floor":12,"key":"Snake Skull"},{"floor":24,"key":"Girya"},{"floor":26,"key":"StoneCalendar"},{"floor":27,"key":"Anchor"}],"event_choices":[{"damage_healed":0,"gold_gain":0,"player_choice":"Entered Light","damage_taken":14,"max_hp_gain":0,"max_hp_loss":0,"event_name":"Shining Light","floor":5,"gold_loss":0,"cards_upgraded":["Strike_G","Bane"]},{"damage_healed":17,"gold_gain":0,"player_choice":"Healed","damage_taken":0,"max_hp_gain":0,"max_hp_loss":0,"event_name":"The Cleric","floor":7,"gold_loss":35},{"damage_healed":0,"gold_gain":0,"player_choice":"Ignored","damage_taken":0,"max_hp_gain":0,"max_hp_loss":0,"event_name":"Liars Game","floor":10,"gold_loss":0},{"damage_healed":0,"gold_gain":0,"player_choice":"Ignored","damage_taken":0,"max_hp_gain":0,"max_hp_loss":0,"event_name":"N\u0027loth","floor":19,"gold_loss":0},{"damage_healed":0,"gold_gain":0,"player_choice":"Cursed","damage_taken":0,"max_hp_gain":0,"max_hp_loss":0,"event_name":"Wheel of Change","floor":21,"gold_loss":0,"cards_obtained":["Decay"]}],"is_beta":false,"boss_relics":[{"not_picked":["Black Star","Tiny House"],"picked":"Sozu"}],"items_purged_floors":[20],"is_endless":false,"potions_floor_spawned":[3,6,14,16,24],"killed_by":"Snecko","ascension_level":10}