{"gold_per_floor":[110,123,135,150,26,26,60,71,71,71],"floor_reached":10,"playtime":472,"items_purged":[],"score":140,"play_id":"9de6dff1-fb4d-498c-98f6-3d2de10d339f","local_time":"20221215113212","is_ascension_mode":true,"campfire_choices":[{"data":"Terror","floor":6,"key":"SMITH"}],"neow_cost":"NONE","seed_source_timestamp":119196651467300,"circlet_count":0,"master_deck":["AscendersBane","Strike_G","Strike_G","Strike_G","Strike_G","Strike_G","Defend_G","Defend_G","Defend_G","Defend_G","Defend_G","Survivor","Neutralize","Leg Sweep","Backflip","Quick Slash","Terror+1","Poisoned Stab","PanicButton","Bane","A Thousand Cuts"],"relics":["Runic Pyramid","WingedGreaves","Blue Candle"],"potions_floor_usage":[7,8],"damage_taken":[{"damage":11,"enemies":"Cultist","floor":1,"turns":5},{"damage":4,"enemies":"Small Slimes","floor":2,"turns":6},{"damage":7,"enemies":"2 Louse","floor":3,"turns":3},{"damage":9,"enemies":"Looter","floor":4,"turns":3},{"damage":4,"enemies":"Lagavulin","floor":7,"turns":7},{"damage":0,"enemies":"Large Slime","floor":8,"turns":5},{"damage":41,"enemies":"Gremlin Nob","floor":10,"turns":4}],"seed_played":"4170236943242975760","potions_obtained":[{"floor":4,"key":"PowerPotion"},{"floor":7,"key":"Strength Potion"}],"is_trial":false,"path_per_floor":["M","M","M","M","$","R","E","M","T","E"],"character_chosen":"THE_SILENT","items_purchased":["Poisoned Stab","PanicButton"],"campfire_rested":0,"item_purchase_floors":[5,5],"current_hp_per_floor":[48,44,37,28,28,28,24,24,24,0],"gold":71,"neow_bonus":"BOSS_RELIC","is_prod":false,"is_daily":false,"chose_seed":false,"campfire_upgraded":1,"win_rate":0,"timestamp":1671121932,"path_taken":["M","M","M","M","$","R","E","?","T","E"],"build_version":"2022-12-01","purchased_purges":0,"victory":false,"max_hp_per_floor":[66,66,66,66,66,66,66,66,66,66],"card_choices":[{"not_picked":["Sucker Punch","Dagger Throw"],"picked":"Leg Sweep","floor":1},{"not_picked":["Outmaneuver","Bane"],"picked":"Backflip","floor":2},{"not_picked":["Outmaneuver","Footwork"],"picked":"Quick Slash","floor":3},{"not_picked":["Deadly Poison","Caltrops"],"picked":"Terror","floor":4},{"not_picked":["Deflect","Slice"],"picked":"Bane","floor":7},{"not_picked":["Acrobatics","Skewer"],"picked":"A Thousand Cuts","floor":8}],"player_experience":1366844,"relics_obtained":[{"floor":7,"key":"WingedGreaves"},{"floor":9,"key":"Blue Candle"}],"event_choices":[],"is_beta":false,"boss_relics":[],"items_purged_floors":[],"is_endless":false,"potions_floor_spawned":[4,7],"killed_by":"Gremlin Nob","ascension_level":20}