{"gold_per_floor":[119,130,305,305,316,316,9,40,66,91,91,104,4,4,4,100,100,111,126,126,1,1,1,28,28,82,82,92,142,155,185,185,290,290,300,315,315,1,17,48,48,74,74,94,94,114,114,147,147,147],"floor_reached":50,"playtime":3235,"items_purged":["Doubt","Strike_G","Strike_G","Defend_G"],"score":1002,"play_id":"7dd112c4-39c9-43da-a79a-9018b380dc82","local_time":"20221217153625","is_ascension_mode":true,"campfire_choices":[{"floor":6.0,"key":"REST"},{"data":"Calculated Gamble","floor":11.0,"key":"SMITH"},{"floor":15.0,"key":"REST"},{"data":"Terror","floor":23,"key":"SMITH"},{"data":"Concentrate","floor":25,"key":"SMITH"},{"data":"Wraith Form v2","floor":27,"key":"SMITH"},{"floor":32,"key":"REST"},{"data":"Adrenaline","floor":41,"key":"SMITH"},{"data":"Storm of Steel","floor":45,"key":"SMITH"},{"floor":47,"key":"REST"},{"floor":49,"key":"REST"}],"neow_cost":"NONE","seed_source_timestamp":95421048506900,"circlet_count":0,"master_deck":["AscendersBane","Defend_G","Defend_G","Survivor","Neutralize","Leg Sweep","Dagger Throw","Dagger Spray","Calculated Gamble+1","Infinite Blades","Riddle With Holes","Dodge and Roll","Poisoned Stab+1","Concentrate+1","Prepared","Wraith Form v2+1","Choke","Acrobatics","ReachHeaven","Blur","Terror+1","Heel Hook","Bane+1","Poisoned Stab","Escape Plan+1","Adrenaline+1","Outmaneuver+1","Distraction+1","Slice+1","PiercingWail","Malaise","Blur","Master of Strategy","Storm of Steel+1","Bane","Finisher+1","Quick Slash+1","Skewer"],"special_seed":0,"relics":["Runic Pyramid","Orichalcum","Ancient Tea Set","PreservedInsect","Gremlin Horn","HoveringKite","Bronze Scales","Vajra","Boot","Anchor","Astrolabe","Nunchaku","HornCleat","Bottled Tornado","Mercury Hourglass"],"potions_floor_usage":[24,30,33,42,44,50],"damage_taken":[{"damage":7.0,"enemies":"2 Louse","floor":1.0,"turns":4.0},{"damage":2.0,"enemies":"Cultist","floor":2.0,"turns":6.0},{"damage":1.0,"enemies":"Jaw Worm","floor":5.0,"turns":4.0},{"damage":10.0,"enemies":"3 Sentries","floor":8.0,"turns":4.0},{"damage":12.0,"enemies":"Gremlin Nob","floor":10.0,"turns":4.0},{"damage":2.0,"enemies":"Exordium Wildlife","floor":12.0,"turns":4.0},{"damage":7.0,"enemies":"The Guardian","floor":16.0,"turns":14.0},{"damage":14,"enemies":"Chosen","floor":18,"turns":5},{"damage":5,"enemies":"Spheric Guardian","floor":19,"turns":4},{"damage":0,"enemies":"Gremlin Leader","floor":24,"turns":7},{"damage":15,"enemies":"Snake Plant","floor":28,"turns":4},{"damage":13,"enemies":"3 Cultists","floor":30,"turns":4},{"damage":14,"enemies":"Slavers","floor":31,"turns":4},{"damage":15,"enemies":"Automaton","floor":33,"turns":8},{"damage":2,"enemies":"Orb Walker","floor":35,"turns":3},{"damage":0,"enemies":"3 Darklings","floor":36,"turns":4},{"damage":0,"enemies":"4 Shapes","floor":39,"turns":4},{"damage":0,"enemies":"Giant Head","floor":40,"turns":7},{"damage":17,"enemies":"Reptomancer","floor":42,"turns":4},{"damage":12,"enemies":"Jaw Worm Horde","floor":44,"turns":3},{"damage":0,"enemies":"Sphere and 2 Shapes","floor":46,"turns":3},{"damage":0,"enemies":"Nemesis","floor":48,"turns":3},{"damage":102,"enemies":"Time Eater","floor":50,"turns":10}],"seed_played":"6989936969162998139","potions_obtained":[{"floor":1.0,"key":"SpeedPotion"},{"floor":2.0,"key":"Poison Potion"},{"floor":5.0,"key":"SteroidPotion"},{"floor":12.0,"key":"EntropicBrew"},{"floor":18,"key":"Ancient Potion"},{"floor":28,"key":"AttackPotion"},{"floor":31,"key":"Swift Potion"},{"floor":40,"key":"Weak Potion"},{"floor":42,"key":"PowerPotion"},{"floor":48,"key":"SkillPotion"}],"is_trial":false,"path_per_floor":["M","M","?","?","M","R","$","E","T","E","R","M","$","?","R","B",null,"M","M","?","$","?","R","E","R","T","R","M","T","M","E","R","B",null,"M","M","?","$","M","E","R","E","T","M","R","M","R","E","R","B"],"character_chosen":"THE_SILENT","items_purchased":["Calculated Gamble","Infinite Blades","Riddle With Holes","Dodge and Roll","Master of Strategy"],"campfire_rested":5,"item_purchase_floors":[7,7,7,7,38],"current_hp_per_floor":[56,54,54,36,35,56,56,46,46,34,34,32,32,32,53,46,64,50,45,45,45,45,45,45,45,45,45,30,30,17,3,24,9,55,53,53,53,53,53,53,53,36,36,24,24,24,45,45,66,0],"gold":147,"neow_bonus":"BOSS_RELIC","is_prod":false,"is_daily":false,"chose_seed":false,"campfire_upgraded":6,"win_rate":0,"timestamp":1671309385,"path_taken":["M","M","?","?","M","R","$","E","T","E","R","M","$","?","R","BOSS","M","?","?","$","?","R","E","R","T","R","M","?","M","E","R","BOSS","M","M","?","$","?","E","R","E","T","M","R","M","R","E","R","BOSS"],"build_version":"2022-12-01","purchased_purges":4,"victory":false,"max_hp_per_floor":[70,70,70,70,70,70,70,70,70,70,70,70,70,70,70,70,70,70,70,70,70,70,70,70,70,70,70,70,70,70,70,70,70,70,70,70,70,70,70,70,70,70,70,70,70,70,70,70,70,70],"card_choices":[{"not_picked":["Heel Hook","Choke"],"picked":"Leg Sweep","floor":1.0},{"not_picked":["Terror","Bouncing Flask"],"picked":"Dagger Throw","floor":2.0},{"not_picked":["Dodge and Roll","Caltrops"],"picked":"Dagger Spray","floor":5.0},{"not_picked":["Blade Dance","Backflip"],"picked":"Poisoned Stab","floor":8.0},{"not_picked":["Calculated Gamble","Expertise"],"picked":"Concentrate","floor":10.0},{"not_picked":["Outmaneuver","Cloak And Dagger"],"picked":"Prepared","floor":12.0},{"not_picked":["Tools of the Trade","Grand Finale"],"picked":"Wraith Form v2","floor":16.0},{"not_picked":["Prepared","Footwork"],"picked":"Choke","floor":18},{"not_picked":["Dash","Slice"],"picked":"Acrobatics","floor":19},{"not_picked":["Crippling Poison","Bane+1"],"picked":"Heel Hook","floor":24},{"not_picked":["Dagger Throw","Phantasmal Killer"],"picked":"Bane+1","floor":28},{"not_picked":["Dodge and Roll","Deflect"],"picked":"Poisoned Stab","floor":30},{"not_picked":["Dagger Throw","Blade Dance"],"picked":"Escape Plan+1","floor":31},{"not_picked":["Corpse Explosion","Malaise"],"picked":"Adrenaline","floor":33},{"not_picked":["Cloak And Dagger","Outmaneuver+1"],"picked":"PiercingWail","floor":35},{"not_picked":["Poisoned Stab+1","Expertise","Deadly Poison+1"],"picked":"SKIP","floor":36},{"not_picked":["Riddle With Holes","All Out Attack"],"picked":"Storm of Steel","floor":39},{"not_picked":["Leg Sweep+1","Dodge and Roll","Underhanded Strike+1"],"picked":"SKIP","floor":40},{"not_picked":["Backflip","Cloak And Dagger"],"picked":"Bane","floor":42},{"not_picked":["Heel Hook+1","Cloak And Dagger+1"],"picked":"Finisher+1","floor":44},{"not_picked":["Deflect+1","Poisoned Stab"],"picked":"Quick Slash+1","floor":46},{"not_picked":["Malaise","Cloak And Dagger"],"picked":"Skewer","floor":48}],"player_experience":1392634,"relics_obtained":[{"floor":8.0,"key":"Ancient Tea Set"},{"floor":9.0,"key":"PreservedInsect"},{"floor":10.0,"key":"Gremlin Horn"},{"floor":24,"key":"Bronze Scales"},{"floor":26,"key":"Vajra"},{"floor":29,"key":"Boot"},{"floor":31,"key":"Anchor"},{"floor":40,"key":"Nunchaku"},{"floor":42,"key":"HornCleat"},{"floor":43,"key":"Bottled Tornado"},{"floor":48,"key":"Mercury Hourglass"}],"event_choices":[{"damage_healed":0.0,"max_hp_gain":0.0,"max_hp_loss":0.0,"gold_gain":175.0,"event_name":"Liars Game","player_choice":"AGREE","floor":3.0,"gold_loss":0.0,"damage_taken":0.0,"cards_obtained":["Doubt"]},{"damage_healed":0.0,"max_hp_gain":0.0,"max_hp_loss":0.0,"gold_gain":0.0,"event_name":"Scrap Ooze","player_choice":"Success","floor":4.0,"gold_loss":0.0,"damage_taken":18.0,"relics_obtained":["Orichalcum"]},{"damage_healed":0.0,"max_hp_gain":0.0,"max_hp_loss":0.0,"gold_gain":0.0,"event_name":"Upgrade Shrine","player_choice":"Upgraded","floor":14.0,"gold_loss":0.0,"damage_taken":0.0,"cards_upgraded":["Poisoned Stab"]},{"cards_removed":["Wraith Form v2"],"damage_healed":0,"gold_gain":0,"player_choice":"Take \u0026 Give","damage_taken":0,"max_hp_gain":0,"max_hp_loss":0,"event_name":"betterNote:BetterNote","floor":20,"gold_loss":0,"cards_obtained":["ReachHeaven"]},{"damage_healed":0,"gold_gain":0,"cards_transformed":["Strike_G","Strike_G"],"player_choice":"Became Test Subject","damage_taken":0,"max_hp_gain":0,"max_hp_loss":0,"event_name":"Drug Dealer","floor":22,"gold_loss":0,"cards_obtained":["Blur","Terror"]},{"damage_healed":0,"gold_gain":0,"player_choice":"2 cards matched","damage_taken":0,"max_hp_gain":0,"max_hp_loss":0,"event_name":"Match and Keep!","floor":37,"gold_loss":0,"cards_obtained":["Malaise","Blur"]}],"is_beta":false,"boss_relics":[{"not_picked":["Fusion Hammer","Snecko Eye"],"picked":"HoveringKite"},{"not_picked":["Calling Bell","Velvet Choker"],"picked":"Astrolabe"}],"items_purged_floors":[7,13,21,38],"is_endless":false,"potions_floor_spawned":[1,2,5,12,18,28,31,40,42,48],"killed_by":"Time Eater","ascension_level":10}