{"gold_per_floor":[116,116,134,154,154,154,172,204,227,227,254,270,290,302,302,400,400,414,414,428,428],"floor_reached":21,"playtime":960,"items_purged":[],"score":275,"play_id":"b9418a22-f7f4-45c3-9107-89741c0bc9ff","local_time":"20221219094033","is_ascension_mode":true,"campfire_choices":[{"data":"Neutralize","floor":6,"key":"SMITH"},{"floor":10,"key":"REST"},{"floor":15,"key":"REST"}],"neow_cost":"NONE","seed_source_timestamp":249229056647900,"circlet_count":0,"master_deck":["AscendersBane","Strike_G","Strike_G","Strike_G","Strike_G","Strike_G","Defend_G","Defend_G","Defend_G","Defend_G","Defend_G","Survivor","Neutralize+1","Backflip","Dagger Throw","Underhanded Strike","Blur","Leg Sweep","Deadly Poison","Poisoned Stab","Prepared","Wraith Form v2","Poisoned Stab+1","Juggernaut","Distraction"],"relics":["Ring of the Snake","NeowsBlessing","Snake Skull","Potion Belt","Bronze Scales","Ancient Tea Set","SlaversCollar"],"potions_floor_usage":[8,8,12,16,21],"damage_taken":[{"damage":0,"enemies":"2 Louse","floor":1,"turns":1},{"damage":0,"enemies":"Jaw Worm","floor":3,"turns":1},{"damage":0,"enemies":"Cultist","floor":4,"turns":1},{"damage":17,"enemies":"2 Fungi Beasts","floor":7,"turns":4},{"damage":22,"enemies":"3 Sentries","floor":8,"turns":16},{"damage":16,"enemies":"Gremlin Gang","floor":12,"turns":5},{"damage":13,"enemies":"Lots of Slimes","floor":13,"turns":4},{"damage":3,"enemies":"Blue Slaver","floor":14,"turns":3},{"damage":17,"enemies":"Slime Boss","floor":16,"turns":10},{"damage":9,"enemies":"Chosen","floor":18,"turns":6},{"damage":26,"enemies":"Spheric Guardian","floor":20,"turns":6},{"damage":22,"enemies":"Centurion and Healer","floor":21,"turns":7}],"seed_played":"-5886759956953894858","potions_obtained":[{"floor":4,"key":"Ancient Potion"},{"floor":7,"key":"Fire Potion"},{"floor":8,"key":"SkillPotion"},{"floor":13,"key":"Fire Potion"},{"floor":20,"key":"Fire Potion"}],"is_trial":false,"path_per_floor":["M","?","M","M","?","R","M","E","T","R","T","M","M","M","R","B",null,"M","?","M","M"],"character_chosen":"THE_SILENT","items_purchased":[],"campfire_rested":2,"item_purchase_floors":[],"current_hp_per_floor":[63,56,56,56,56,56,39,17,17,38,38,22,9,6,27,10,55,46,46,20,0],"gold":428,"neow_bonus":"THREE_ENEMY_KILL","is_prod":false,"is_daily":false,"chose_seed":false,"campfire_upgraded":1,"win_rate":0,"timestamp":1671460833,"path_taken":["M","?","M","M","?","R","M","E","T","R","?","M","M","M","R","BOSS","M","?","M","M"],"build_version":"2022-12-01","purchased_purges":0,"victory":false,"max_hp_per_floor":[70,70,70,70,70,70,70,70,70,70,70,70,70,70,70,70,70,70,70,70,70],"card_choices":[{"not_picked":["Deflect","Reflex"],"picked":"Backflip","floor":1},{"not_picked":["Escape Plan","Dodge and Roll"],"picked":"Dagger Throw","floor":3},{"not_picked":["Infinite Blades","Dagger Spray"],"picked":"Underhanded Strike","floor":4},{"not_picked":["Caltrops","Eviscerate"],"picked":"Blur","floor":7},{"not_picked":["Blade Dance","Grand Finale"],"picked":"Leg Sweep","floor":8},{"not_picked":["Masterful Stab","Concentrate"],"picked":"Deadly Poison","floor":12},{"not_picked":["Well Laid Plans","Blade Dance"],"picked":"Poisoned Stab","floor":13},{"not_picked":["Quick Slash","Setup"],"picked":"Prepared","floor":14},{"not_picked":["A Thousand Cuts","Storm of Steel"],"picked":"Wraith Form v2","floor":16},{"not_picked":["Blade Dance","Prepared"],"picked":"Poisoned Stab+1","floor":18},{"not_picked":["Underhanded Strike","Slice+1"],"picked":"Distraction","floor":20}],"player_experience":855814,"relics_obtained":[{"floor":8,"key":"Potion Belt"},{"floor":9,"key":"Bronze Scales"},{"floor":11,"key":"Ancient Tea Set"}],"event_choices":[{"damage_healed":0,"gold_gain":0,"player_choice":"Success","damage_taken":7,"relics_obtained":["Snake Skull"],"max_hp_gain":0,"max_hp_loss":0,"event_name":"Scrap Ooze","floor":2,"gold_loss":0},{"damage_healed":0,"gold_gain":0,"player_choice":"Ignored","damage_taken":0,"max_hp_gain":0,"max_hp_loss":0,"event_name":"Liars Game","floor":5,"gold_loss":0},{"cards_removed":["Wraith Form v2"],"damage_healed":0,"gold_gain":0,"player_choice":"Take \u0026 Give","damage_taken":0,"max_hp_gain":0,"max_hp_loss":0,"event_name":"betterNote:BetterNote","floor":19,"gold_loss":0,"cards_obtained":["Juggernaut"]}],"is_beta":false,"boss_relics":[{"not_picked":["Busted Crown","Velvet Choker"],"picked":"SlaversCollar"}],"items_purged_floors":[],"is_endless":false,"potions_floor_spawned":[4,7,8,13,20],"killed_by":"Centurion and Healer","ascension_level":10}