{"gold_per_floor":[119,14,32,46,121,151,151,101,101,20,31,31,49,83,83,188,188,204,184,12,12,29,29,29,55,55,55,55,66,92,92,92,189,189,201,251,261,261,261,296,296,311,311,311,311,24,24,52,52,52],"floor_reached":51,"playtime":2848,"items_purged":["Strike_G","Strike_G"],"score":1108,"play_id":"8a27b881-f71c-474a-be8e-5dddc346db0d","local_time":"20221221233434","is_ascension_mode":true,"campfire_choices":[{"floor":7,"key":"REST"},{"floor":12,"key":"REST"},{"floor":15,"key":"REST"},{"data":"Glass Knife","floor":23,"key":"SMITH"},{"floor":27,"key":"REST"},{"floor":32,"key":"REST"},{"floor":41,"key":"DIG"},{"floor":44,"key":"REST"},{"floor":47,"key":"DIG"},{"floor":49,"key":"REST"}],"neow_cost":"PERCENT_DAMAGE","seed_source_timestamp":470219860711600,"circlet_count":0,"master_deck":["AscendersBane","Strike_G+1","Defend_G","Defend_G","Defend_G","Defend_G","Survivor","Neutralize","Dash","Well Laid Plans","Blade Dance","Dagger Spray","Backflip","Deadly Poison","Terror+1","Footwork","Quick Slash","Glass Knife+1","Malaise+1","Crippling Poison+1","Calculated Gamble+1","Poisoned Stab+1","Unload","PiercingWail+1","Footwork+1","Phantasmal Killer+1","Reflex+1","Eviscerate+1","Finisher+1","Madness+1","Madness+1","Underhanded Strike+1","Thinking Ahead+1","Underhanded Strike+1"],"relics":["Ring of the Serpent","Matryoshka","Tiny Chest","Toxic Egg 2","Happy Flower","SlaversCollar","Unceasing Top","PreservedInsect","Molten Egg 2","Whetstone","Question Card","Shovel","Potion Belt","Oddly Smooth Stone","Prayer Wheel","Meat on the Bone","Du-Vu Doll","Blood Vial"],"potions_floor_usage":[14,14,16,22,22,30,33,33,36,37,40,42],"damage_taken":[{"damage":5,"enemies":"Jaw Worm","floor":1,"turns":5},{"damage":2,"enemies":"Small Slimes","floor":3,"turns":4},{"damage":0,"enemies":"2 Louse","floor":4,"turns":4},{"damage":14,"enemies":"3 Sentries","floor":6,"turns":8},{"damage":6,"enemies":"Looter","floor":11,"turns":3},{"damage":8,"enemies":"Exordium Thugs","floor":13,"turns":4},{"damage":19,"enemies":"Gremlin Nob","floor":14,"turns":5},{"damage":8,"enemies":"Hexaghost","floor":16,"turns":10},{"damage":4,"enemies":"Shell Parasite","floor":18,"turns":6},{"damage":11,"enemies":"2 Thieves","floor":22,"turns":4},{"damage":42,"enemies":"Slavers","floor":25,"turns":6},{"damage":7,"enemies":"Snecko","floor":29,"turns":4},{"damage":8,"enemies":"Gremlin Leader","floor":30,"turns":5},{"damage":38,"enemies":"Automaton","floor":33,"turns":10},{"damage":24,"enemies":"Orb Walker","floor":35,"turns":6},{"damage":0,"enemies":"Mind Bloom Boss Battle","floor":36,"turns":6},{"damage":6,"enemies":"3 Shapes","floor":37,"turns":5},{"damage":20,"enemies":"Nemesis","floor":40,"turns":5},{"damage":17,"enemies":"Writhing Mass","floor":42,"turns":6},{"damage":0,"enemies":"Giant Head","floor":48,"turns":6},{"damage":33,"enemies":"Awakened One","floor":50,"turns":12}],"seed_played":"-1565156166065912517","potions_obtained":[{"floor":1,"key":"SneckoOil"},{"floor":3,"key":"GhostInAJar"},{"floor":11,"key":"Energy Potion"},{"floor":14,"key":"DuplicationPotion"},{"floor":18,"key":"BlessingOfTheForge"},{"floor":19,"key":"SteroidPotion"},{"floor":25,"key":"Explosive Potion"},{"floor":30,"key":"Regen Potion"},{"floor":33,"key":"GamblersBrew"},{"floor":35,"key":"GamblersBrew"},{"floor":37,"key":"GamblersBrew"},{"floor":40,"key":"AttackPotion"}],"is_trial":false,"path_per_floor":["M","$","M","M","?","E","R","?","T","$","M","R","M","E","R","B",null,"M","?","$","?","M","R","$","E","T","R","?","M","E","T","R","B",null,"M","?","M","?","?","E","R","M","T","R","T","$","R","E","R","B",null],"character_chosen":"THE_SILENT","items_purchased":["Well Laid Plans","Blade Dance","Terror+1","Calculated Gamble+1","Poisoned Stab","Thinking Ahead+1"],"campfire_rested":7,"item_purchase_floors":[2,2,10,20,20,46],"current_hp_per_floor":[40,40,38,38,27,13,34,34,34,34,28,49,41,22,43,35,61,57,57,57,57,46,46,46,4,4,25,25,18,10,10,31,8,55,31,31,25,16,61,41,41,24,24,42,42,42,42,42,60,40],"gold":52,"neow_bonus":"REMOVE_TWO","is_prod":false,"is_daily":false,"chose_seed":false,"campfire_upgraded":1,"win_rate":0,"timestamp":1671683674,"path_taken":["M","$","M","M","?","E","R","?","T","$","M","R","M","E","R","BOSS","M","?","$","?","M","R","$","E","T","R","?","M","E","?","R","BOSS","M","?","M","?","?","E","R","M","T","R","?","$","R","E","R","BOSS"],"build_version":"2022-12-18","purchased_purges":2,"victory":true,"max_hp_per_floor":[70,70,70,70,70,70,70,70,70,70,70,70,70,70,70,70,70,70,70,70,70,70,70,70,70,70,70,70,70,70,70,70,70,70,70,70,70,70,61,61,61,61,61,61,61,61,61,61,61,61],"card_choices":[{"not_picked":["Infinite Blades","Dagger Throw"],"picked":"Dash","floor":1},{"not_picked":["Dodge and Roll","Deflect"],"picked":"Dagger Spray","floor":3},{"not_picked":["Deflect","All Out Attack"],"picked":"Backflip","floor":4},{"not_picked":["Terror","Sucker Punch"],"picked":"Deadly Poison","floor":6},{"not_picked":["Concentrate+1","Slice"],"picked":"Footwork","floor":11},{"not_picked":["Caltrops","Dagger Spray"],"picked":"Quick Slash","floor":13},{"not_picked":["Dodge and Roll+1","Deadly Poison+1"],"picked":"Glass Knife","floor":14},{"not_picked":["Tools of the Trade","A Thousand Cuts"],"picked":"Malaise+1","floor":16},{"not_picked":["Blade Dance+1","Dagger Throw"],"picked":"Crippling Poison+1","floor":18},{"not_picked":["Outmaneuver+1","Dagger Throw","Slice"],"picked":"SKIP","floor":22},{"not_picked":["Distraction+1","Caltrops"],"picked":"Unload","floor":25},{"not_picked":["All Out Attack+1","Finisher+1"],"picked":"PiercingWail+1","floor":29},{"not_picked":["Catalyst+1","Prepared+1"],"picked":"Footwork+1","floor":30},{"not_picked":["Storm of Steel+1","Burst+1","Malaise+1"],"picked":"Phantasmal Killer+1","floor":33},{"not_picked":["Outmaneuver+1","Cloak And Dagger+1","Deadly Poison+1"],"picked":"Reflex+1","floor":35},{"not_picked":["Prepared+1","Blade Dance+1","Backflip+1"],"picked":"Eviscerate+1","floor":36},{"not_picked":["Tactician+1","All Out Attack+1","Underhanded Strike+1"],"picked":"Finisher+1","floor":37},{"not_picked":["Night Terror+1","Blur+1","All Out Attack+1","Outmaneuver+1"],"picked":"SKIP","floor":40},{"not_picked":["Flying Knee+1","Flechettes+1","Quick Slash+1"],"picked":"Underhanded Strike+1","floor":42},{"not_picked":["Slice+1","After Image","Sucker Punch+1"],"picked":"Underhanded Strike+1","floor":48}],"player_experience":867212,"relics_obtained":[{"floor":6,"key":"Matryoshka"},{"floor":9,"key":"Tiny Chest"},{"floor":9,"key":"Toxic Egg 2"},{"floor":14,"key":"Happy Flower"},{"floor":25,"key":"Unceasing Top"},{"floor":26,"key":"PreservedInsect"},{"floor":26,"key":"Molten Egg 2"},{"floor":30,"key":"Whetstone"},{"floor":31,"key":"Question Card"},{"floor":36,"key":"Shovel"},{"floor":40,"key":"Potion Belt"},{"floor":41,"key":"Oddly Smooth Stone"},{"floor":43,"key":"Prayer Wheel"},{"floor":45,"key":"Meat on the Bone"},{"floor":47,"key":"Du-Vu Doll"},{"floor":48,"key":"Blood Vial"}],"event_choices":[{"damage_healed":0,"gold_gain":75,"player_choice":"Gather Gold","damage_taken":11,"max_hp_gain":0,"max_hp_loss":0,"event_name":"World of Goop","floor":5,"gold_loss":0},{"cards_removed":["Strike_G"],"damage_healed":0,"gold_gain":0,"player_choice":"Card Removal","damage_taken":0,"max_hp_gain":0,"max_hp_loss":0,"event_name":"The Cleric","floor":8,"gold_loss":50},{"damage_healed":0,"gold_gain":0,"player_choice":"Bought 1 Potion","damage_taken":0,"max_hp_gain":0,"max_hp_loss":0,"event_name":"The Woman in Blue","floor":19,"gold_loss":0},{"damage_healed":0,"gold_gain":0,"player_choice":"Cursed","damage_taken":0,"max_hp_gain":0,"max_hp_loss":0,"event_name":"Wheel of Change","floor":21,"gold_loss":0,"cards_obtained":["Decay"]},{"cards_removed":["Decay"],"damage_healed":0,"gold_gain":0,"player_choice":"Purged","damage_taken":0,"max_hp_gain":0,"max_hp_loss":0,"event_name":"Purifier","floor":28,"gold_loss":0},{"damage_healed":0,"gold_gain":0,"player_choice":"Fight","damage_taken":0,"max_hp_gain":0,"max_hp_loss":0,"event_name":"MindBloom","floor":36,"gold_loss":0},{"damage_healed":0,"gold_gain":0,"player_choice":"Embrace Madness","damage_taken":9,"max_hp_gain":0,"max_hp_loss":0,"event_name":"Winding Halls","floor":38,"gold_loss":0,"cards_obtained":["Madness","Madness"]},{"damage_healed":61,"gold_gain":0,"player_choice":"Heal","damage_taken":0,"max_hp_gain":0,"max_hp_loss":9,"event_name":"The Moai Head","floor":39,"gold_loss":0}],"is_beta":false,"boss_relics":[{"not_picked":["Black Star","Busted Crown"],"picked":"SlaversCollar"},{"not_picked":["Fusion Hammer","Velvet Choker"],"picked":"Ring of the Serpent"}],"items_purged_floors":[20,46],"is_endless":false,"potions_floor_spawned":[1,3,11,14,18,25,30,33,35,37,40],"ascension_level":10}