{"gold_per_floor":[117,133,145,159,173,173,173,189,189,250,250,250,250,21,21,118,118,138,148,348,41,60,60,60],"floor_reached":24,"playtime":1026,"items_purged":["Parasite","Defend_G"],"score":297,"play_id":"92602a3a-932c-45bd-9f77-a702ed58c03b","local_time":"20221216151440","is_ascension_mode":true,"campfire_choices":[{"data":"Crippling Poison","floor":6,"key":"SMITH"},{"data":"Prepared","floor":12,"key":"SMITH"},{"floor":15,"key":"REST"},{"data":"Leap","floor":23,"key":"SMITH"}],"neow_cost":"NONE","seed_source_timestamp":10061336989500,"circlet_count":0,"master_deck":["AscendersBane","Strike_G","Strike_G","Strike_G","Defend_G","Defend_G","Defend_G","Defend_G","Survivor","Neutralize","Blade Dance","Reflex","PiercingWail","Blade Dance","Crippling Poison+1","Backflip","Prepared+1","Adrenaline","All Out Attack","Flechettes+1","Bane","Leap+1"],"special_seed":0,"relics":["Ring of the Snake","NeowsBlessing","Strawberry","WingedGreaves","Meat on the Bone","HandDrill","Empty Cage","PrismaticShard"],"potions_floor_usage":[7,16,16,18,22],"damage_taken":[{"damage":0,"enemies":"Jaw Worm","floor":1,"turns":1},{"damage":0,"enemies":"2 Louse","floor":2,"turns":1},{"damage":0,"enemies":"Small Slimes","floor":3,"turns":1},{"damage":8,"enemies":"Blue Slaver","floor":4,"turns":4},{"damage":8,"enemies":"Gremlin Gang","floor":5,"turns":6},{"damage":0,"enemies":"Gremlin Nob","floor":7,"turns":2},{"damage":3,"enemies":"Lots of Slimes","floor":8,"turns":3},{"damage":39,"enemies":"Gremlin Nob","floor":10,"turns":5},{"damage":11,"enemies":"Slime Boss","floor":16,"turns":7},{"damage":22,"enemies":"3 Byrds","floor":18,"turns":4},{"damage":28,"enemies":"2 Thieves","floor":19,"turns":5},{"damage":3,"enemies":"3 Cultists","floor":22,"turns":5},{"damage":65,"enemies":"Book of Stabbing","floor":24,"turns":7}],"seed_played":"-2345386482068739364","potions_obtained":[{"floor":2,"key":"SmokeBomb"},{"floor":4,"key":"Ancient Potion"},{"floor":10,"key":"SteroidPotion"},{"floor":16,"key":"Poison Potion"},{"floor":18,"key":"Strength Potion"},{"floor":22,"key":"FairyPotion"}],"is_trial":false,"path_per_floor":["M","M","M","M","M","R","E","M","T","?","?","R","T","$","R","B",null,"M","M","?","$","M","R","E"],"character_chosen":"THE_SILENT","items_purchased":["HandDrill","PrismaticShard","Bane"],"campfire_rested":1,"item_purchase_floors":[14,21,21],"current_hp_per_floor":[63,63,63,55,47,47,47,44,51,12,31,31,31,31,53,42,66,44,28,28,28,37,37,0],"gold":60,"neow_bonus":"THREE_ENEMY_KILL","is_prod":false,"is_daily":false,"chose_seed":false,"campfire_upgraded":3,"win_rate":0,"timestamp":1671221680,"path_taken":["M","M","M","M","M","R","E","M","T","?","?","R","?","$","R","BOSS","M","M","?","$","M","R","E"],"build_version":"2022-12-01","purchased_purges":2,"victory":false,"max_hp_per_floor":[70,70,70,70,70,70,70,70,77,77,77,77,77,74,74,74,74,74,74,74,74,74,74,74],"card_choices":[{"not_picked":["Underhanded Strike","Cloak And Dagger"],"picked":"Blade Dance","floor":1},{"not_picked":["Blur","Underhanded Strike"],"picked":"Reflex","floor":2},{"not_picked":["Slice","Footwork"],"picked":"PiercingWail","floor":3},{"not_picked":["Calculated Gamble","Expertise"],"picked":"Blade Dance","floor":4},{"not_picked":["Distraction","Sucker Punch"],"picked":"Crippling Poison","floor":5},{"not_picked":["Tactician","Bane"],"picked":"Backflip","floor":8},{"not_picked":["Flying Knee","Storm of Steel"],"picked":"Prepared","floor":10},{"not_picked":["Unload","Grand Finale"],"picked":"Adrenaline","floor":16},{"not_picked":["Blur+1","Flying Knee"],"picked":"All Out Attack","floor":18},{"not_picked":["Tactician","Prepared"],"picked":"Flechettes+1","floor":19},{"not_picked":["Prepared","Reckless Charge"],"picked":"Leap","floor":22}],"player_experience":1386960,"relics_obtained":[{"floor":9,"key":"Strawberry"},{"floor":10,"key":"WingedGreaves"},{"floor":13,"key":"Meat on the Bone"}],"event_choices":[{"damage_healed":0,"gold_gain":0,"player_choice":"Searched \u00271\u0027 times","damage_taken":0,"max_hp_gain":0,"max_hp_loss":0,"event_name":"Dead Adventurer","floor":10,"gold_loss":0},{"damage_healed":19,"gold_gain":0,"player_choice":"Healed and dodged fight","damage_taken":0,"max_hp_gain":0,"max_hp_loss":0,"event_name":"Mushrooms","floor":11,"gold_loss":0,"cards_obtained":["Parasite"]},{"damage_healed":0,"gold_gain":200,"player_choice":"Gold","damage_taken":0,"max_hp_gain":0,"max_hp_loss":0,"event_name":"Wheel of Change","floor":20,"gold_loss":0}],"is_beta":false,"boss_relics":[{"not_picked":["Fusion Hammer","Velvet Choker"],"picked":"Empty Cage"}],"items_purged_floors":[14,21],"is_endless":false,"potions_floor_spawned":[2,4,10,16,18,22],"killed_by":"Book of Stabbing","ascension_level":10}