{"gold_per_floor":[109,123,143,163,175,200,200,229,253,253,273,15,15,33,33,128,128,148,148,165,165,175,208,19,36,36,36,36,55,69,102,102,204,204,224,56,73,73,83,112,112,137,137,150,168,168,168,181,181,181],"floor_reached":51,"playtime":6414,"items_purged":["Strike_G","Writhe"],"score":1006,"play_id":"974502a2-1651-405c-8756-135dc673c785","local_time":"20221214182918","is_ascension_mode":true,"campfire_choices":[{"data":"Terror","floor":7.0,"key":"SMITH"},{"data":"Cloak And Dagger","floor":15.0,"key":"SMITH"},{"data":"Tools of the Trade","floor":32.0,"key":"SMITH"},{"data":"Accuracy","floor":41,"key":"SMITH"},{"data":"Tactician","floor":46,"key":"SMITH"},{"floor":49,"key":"REST"}],"neow_cost":"NONE","seed_source_timestamp":51816013929300,"circlet_count":0,"master_deck":["Strike_G+1","Strike_G","Strike_G","Strike_G","Defend_G","Defend_G","Defend_G","Defend_G+1","Survivor","Neutralize","Dash","Setup","Terror+1","Acrobatics","Cloak And Dagger+1","All Out Attack","Caltrops","Flechettes","Dagger Throw","Tools of the Trade+1","Calculated Gamble+1","Dagger Spray","Accuracy+1","PiercingWail","Blade Dance","Adrenaline","Backstab+1","Escape Plan","Footwork+1","Tactician+1","Distraction+1","Night Terror"],"special_seed":0,"relics":["Ring of the Snake","Ice Cream","Kunai","Orichalcum","ClockworkSouvenir","Runic Pyramid","MutagenicStrength","MealTicket","Bottled Lightning","Vajra","Bottled Flame","Busted Crown","Bag of Preparation","Omamori","Incense Burner"],"potions_floor_usage":[50],"damage_taken":[{"damage":0.0,"enemies":"Cultist","floor":1.0,"turns":5.0},{"damage":0.0,"enemies":"Jaw Worm","floor":2.0,"turns":5.0},{"damage":0.0,"enemies":"Small Slimes","floor":3.0,"turns":4.0},{"damage":2.0,"enemies":"2 Fungi Beasts","floor":4.0,"turns":5.0},{"damage":16.0,"enemies":"Gremlin Gang","floor":5.0,"turns":9.0},{"damage":15.0,"enemies":"3 Sentries","floor":6.0,"turns":14.0},{"damage":15.0,"enemies":"Gremlin Nob","floor":8.0,"turns":4.0},{"damage":0.0,"enemies":"Blue Slaver","floor":11.0,"turns":4.0},{"damage":0.0,"enemies":"Large Slime","floor":14.0,"turns":5.0},{"damage":7.0,"enemies":"Slime Boss","floor":16.0,"turns":7.0},{"damage":20.0,"enemies":"2 Thieves","floor":18.0,"turns":4.0},{"damage":0.0,"enemies":"Chosen","floor":20.0,"turns":2.0},{"damage":8.0,"enemies":"Snake Plant","floor":22.0,"turns":3.0},{"damage":22.0,"enemies":"Book of Stabbing","floor":23.0,"turns":5.0},{"damage":0.0,"enemies":"Cultist and Chosen","floor":25.0,"turns":4.0},{"damage":3.0,"enemies":"Centurion and Healer","floor":29.0,"turns":4.0},{"damage":0.0,"enemies":"Snake Plant","floor":30.0,"turns":2.0},{"damage":6.0,"enemies":"Gremlin Leader","floor":31.0,"turns":3.0},{"damage":14.0,"enemies":"Automaton","floor":33.0,"turns":7.0},{"damage":7,"enemies":"3 Shapes","floor":35,"turns":4},{"damage":1,"enemies":"Orb Walker","floor":37,"turns":2},{"damage":11,"enemies":"Sphere and 2 Shapes","floor":39,"turns":4},{"damage":0,"enemies":"Reptomancer","floor":40,"turns":6},{"damage":0,"enemies":"Giant Head","floor":42,"turns":5},{"damage":4,"enemies":"Jaw Worm Horde","floor":44,"turns":4},{"damage":0,"enemies":"Maw","floor":45,"turns":5},{"damage":17,"enemies":"Writhing Mass","floor":48,"turns":5},{"damage":21,"enemies":"Awakened One","floor":50,"turns":8}],"seed_played":"-7665223233484049325","potions_obtained":[{"floor":0.0,"key":"Poison Potion"},{"floor":0.0,"key":"LiquidMemories"},{"floor":0.0,"key":"Weak Potion"},{"floor":4.0,"key":"Weak Potion"},{"floor":5.0,"key":"Regen Potion"},{"floor":11.0,"key":"Strength Potion"},{"floor":14.0,"key":"Weak Potion"},{"floor":20.0,"key":"GhostInAJar"},{"floor":22.0,"key":"AttackPotion"},{"floor":29.0,"key":"FairyPotion"},{"floor":30.0,"key":"Block Potion"},{"floor":39,"key":"DuplicationPotion"},{"floor":40,"key":"SteroidPotion"}],"is_trial":false,"path_per_floor":["M","M","M","M","M","E","R","E","T","?","M","$","?","M","R","B",null,"M","?","M","?","M","E","$","M","T","?","?","M","M","E","R","B",null,"M","$","M","?","M","E","R","E","T","M","M","R","?","M","R","B",null],"character_chosen":"THE_SILENT","items_purchased":["ClockworkSouvenir","Flechettes","Blade Dance","Adrenaline","Tactician"],"campfire_rested":1,"item_purchase_floors":[12,12,24,24,36],"current_hp_per_floor":[70,70,70,68,52,52,52,37,37,23,23,23,70,70,70,63,70,50,50,50,50,42,20,35,35,35,58,58,55,55,49,49,35,70,63,70,69,69,58,58,58,58,58,54,54,54,54,37,58,37],"gold":181,"neow_bonus":"THREE_SMALL_POTIONS","is_prod":false,"is_daily":false,"chose_seed":false,"campfire_upgraded":5,"win_rate":0,"timestamp":1671060558,"path_taken":["M","M","M","?","M","E","R","E","T","?","M","$","?","?","R","BOSS","M","?","M","?","M","E","$","?","T","?","?","M","M","E","R","BOSS","M","$","M","?","M","E","R","E","T","M","M","R","?","M","R","BOSS"],"build_version":"2022-12-01","purchased_purges":2,"victory":true,"max_hp_per_floor":[70,70,70,70,70,70,70,70,70,70,70,70,70,70,70,70,70,70,70,70,70,70,70,70,70,70,70,70,70,70,70,70,70,70,70,70,70,70,70,70,70,70,70,70,70,70,70,70,70,70],"card_choices":[{"not_picked":["Backflip","Outmaneuver"],"picked":"Dash","floor":1.0},{"not_picked":["Underhanded Strike","Dagger Throw"],"picked":"Setup","floor":2.0},{"not_picked":["Deadly Poison","Slice"],"picked":"Terror","floor":3.0},{"not_picked":["PiercingWail","Heel Hook"],"picked":"Acrobatics","floor":4.0},{"not_picked":["Acrobatics","Deflect"],"picked":"Cloak And Dagger","floor":5.0},{"not_picked":["Slice","Dodge and Roll"],"picked":"All Out Attack","floor":6.0},{"not_picked":["PiercingWail","Burst"],"picked":"Caltrops","floor":8.0},{"not_picked":["Acrobatics","Dodge and Roll"],"picked":"Caltrops","floor":11.0},{"not_picked":["Concentrate","Terror"],"picked":"Dagger Throw","floor":14.0},{"not_picked":["Night Terror","Phantasmal Killer"],"picked":"Tools of the Trade","floor":16.0},{"not_picked":["Quick Slash","Deadly Poison"],"picked":"Calculated Gamble+1","floor":18.0},{"not_picked":["Deadly Poison","All Out Attack"],"picked":"Dagger Spray","floor":20.0},{"not_picked":["Cloak And Dagger","Terror"],"picked":"Accuracy","floor":22.0},{"not_picked":["Escape Plan","Die Die Die"],"picked":"PiercingWail","floor":23.0},{"not_picked":["Terror","PiercingWail"],"picked":"Backstab+1","floor":25.0},{"not_picked":["Backflip","Quick Slash"],"picked":"Escape Plan","floor":29.0},{"not_picked":["Dagger Spray","Cloak And Dagger","Distraction"],"picked":"SKIP","floor":30.0},{"not_picked":["Flechettes","Bane+1"],"picked":"Footwork+1","floor":31.0},{"not_picked":["Distraction"],"picked":"SKIP","floor":35},{"not_picked":["Backflip"],"picked":"SKIP","floor":37},{"not_picked":[],"picked":"Distraction+1","floor":39},{"not_picked":["All Out Attack+1"],"picked":"SKIP","floor":40},{"not_picked":[],"picked":"Night Terror","floor":42},{"not_picked":["Outmaneuver"],"picked":"SKIP","floor":44},{"not_picked":["Outmaneuver"],"picked":"SKIP","floor":45},{"not_picked":["Cloak And Dagger"],"picked":"SKIP","floor":48}],"player_experience":1351179,"relics_obtained":[{"floor":6.0,"key":"Ice Cream"},{"floor":8.0,"key":"Kunai"},{"floor":9.0,"key":"Orichalcum"},{"floor":23.0,"key":"MealTicket"},{"floor":26.0,"key":"Bottled Lightning"},{"floor":31.0,"key":"Bottled Flame"},{"floor":40,"key":"Bag of Preparation"},{"floor":42,"key":"Omamori"},{"floor":43,"key":"Incense Burner"}],"event_choices":[{"damage_healed":0.0,"max_hp_gain":0.0,"max_hp_loss":0.0,"gold_gain":0.0,"event_name":"Shining Light","player_choice":"Entered Light","floor":10.0,"gold_loss":0.0,"damage_taken":14.0,"cards_upgraded":["Defend_G","Strike_G"]},{"cards_removed":["Caltrops"],"damage_healed":47.0,"max_hp_gain":0.0,"max_hp_loss":0.0,"gold_gain":0.0,"event_name":"Bonfire Elementals","player_choice":"Offered Uncommon","floor":13.0,"gold_loss":0.0,"damage_taken":0.0},{"damage_healed":0.0,"max_hp_gain":0.0,"max_hp_loss":0.0,"gold_gain":0.0,"event_name":"Drug Dealer","player_choice":"Inject Mutagens","floor":19.0,"gold_loss":0.0,"damage_taken":0.0,"relics_obtained":["MutagenicStrength"]},{"damage_healed":0.0,"max_hp_gain":0.0,"max_hp_loss":0.0,"gold_gain":0.0,"event_name":"N\u0027loth","player_choice":"Ignored","floor":21.0,"gold_loss":0.0,"damage_taken":0.0},{"damage_healed":23.0,"max_hp_gain":0.0,"max_hp_loss":0.0,"gold_gain":0.0,"event_name":"The Library","player_choice":"Heal","floor":27.0,"gold_loss":0.0,"damage_taken":0.0},{"damage_healed":0.0,"max_hp_gain":0.0,"max_hp_loss":0.0,"gold_gain":0.0,"event_name":"The Mausoleum","player_choice":"Opened","floor":28.0,"gold_loss":0.0,"damage_taken":0.0,"relics_obtained":["Vajra"],"cards_obtained":["Writhe"]},{"damage_healed":0,"gold_gain":0,"player_choice":"Ignored","damage_taken":0,"max_hp_gain":0,"max_hp_loss":0,"event_name":"Tomb of Lord Red Mask","floor":38,"gold_loss":0},{"cards_removed":["Defend_G"],"damage_healed":0,"gold_gain":0,"player_choice":"Removed Skill","damage_taken":0,"max_hp_gain":0,"max_hp_loss":0,"event_name":"Falling","floor":47,"gold_loss":0}],"is_beta":false,"boss_relics":[{"not_picked":["Snecko Eye","Velvet Choker"],"picked":"Runic Pyramid"},{"not_picked":["Philosopher\u0027s Stone","Coffee Dripper"],"picked":"Busted Crown"}],"items_purged_floors":[12,36],"is_endless":false,"potions_floor_spawned":[4,5,11,14,20,22,29,30,39,40,45],"ascension_level":3}