{"gold_per_floor":[113,131,60,235,7,39,53,64,88,103,103,116,116,127,127,230,230,242,256,273,288,36,36,46,46,127,2,34,44,44,75,75,176,176,189,39,50,0,0,25,39,39,66,66,97,113,113,129,129,129],"floor_reached":50,"playtime":2311,"items_purged":["Doubt","Strike_G","Strike_G","Defend_G"],"score":646,"play_id":"43042c30-4ae8-440a-94ba-29bdf078fd7b","local_time":"20230101205509","is_ascension_mode":false,"campfire_choices":[{"data":"Adrenaline","floor":11,"key":"SMITH"},{"floor":15,"key":"REST"},{"data":"Adrenaline","floor":23,"key":"SMITH"},{"data":"Glass Knife","floor":30,"key":"SMITH"},{"data":"Backflip","floor":32,"key":"SMITH"},{"data":"Backstab","floor":42,"key":"SMITH"},{"data":"Strike_G","floor":49,"key":"PURGE"}],"neow_cost":"PERCENT_DAMAGE","seed_source_timestamp":17471845316700,"circlet_count":0,"master_deck":["Strike_G","Strike_G","Defend_G","Defend_G","Defend_G","Defend_G","Survivor","Neutralize","Corpse Explosion","Quick Slash","Acrobatics","Glass Knife+1","Adrenaline+1","Poisoned Stab","Backstab+1","Backstab","PiercingWail","Heel Hook","Adrenaline+1","Sucker Punch+1","Footwork","Deflect","Terror+1","Backstab","Blade Dance","Backflip+1","Adrenaline","Prepared+1","Infinite Blades","Thinking Ahead","Good Instincts","Slice","Cloak And Dagger+1","Madness","Madness","Eviscerate+1"],"relics":["Ring of the Snake","Anchor","Nunchaku","Sundial","Philosopher\u0027s Stone","OrangePellets","MealTicket","Shuriken","Regal Pillow","Akabeko","WristBlade","Red Mask","Bag of Marbles","Blood Vial","Dream Catcher","Peace Pipe"],"potions_floor_usage":[6,7,10,20,28,28,33,33,40,50,50],"damage_taken":[{"damage":5,"enemies":"2 Louse","floor":1,"turns":4},{"damage":1,"enemies":"Jaw Worm","floor":2,"turns":4},{"damage":14,"enemies":"3 Sentries","floor":6,"turns":3},{"damage":0,"enemies":"Cultist","floor":7,"turns":2},{"damage":0,"enemies":"3 Louse","floor":8,"turns":2},{"damage":0,"enemies":"Blue Slaver","floor":10,"turns":2},{"damage":0,"enemies":"2 Fungi Beasts","floor":12,"turns":2},{"damage":0,"enemies":"Exordium Wildlife","floor":14,"turns":2},{"damage":34,"enemies":"The Guardian","floor":16,"turns":12},{"damage":1,"enemies":"Shell Parasite","floor":18,"turns":5},{"damage":3,"enemies":"Spheric Guardian","floor":19,"turns":3},{"damage":0,"enemies":"Centurion and Healer","floor":20,"turns":2},{"damage":10,"enemies":"Snecko","floor":21,"turns":5},{"damage":0,"enemies":"Snake Plant","floor":24,"turns":3},{"damage":4,"enemies":"Gremlin Leader","floor":28,"turns":4},{"damage":14,"enemies":"Chosen and Byrds","floor":29,"turns":5},{"damage":0,"enemies":"Book of Stabbing","floor":31,"turns":4},{"damage":4,"enemies":"Champ","floor":33,"turns":8},{"damage":17,"enemies":"3 Darklings","floor":35,"turns":4},{"damage":0,"enemies":"Orb Walker","floor":37,"turns":2},{"damage":0,"enemies":"Giant Head","floor":40,"turns":5},{"damage":0,"enemies":"Spire Growth","floor":41,"turns":2},{"damage":6,"enemies":"Reptomancer","floor":45,"turns":3},{"damage":1,"enemies":"4 Shapes","floor":46,"turns":3},{"damage":7,"enemies":"Writhing Mass","floor":48,"turns":4},{"damage":55,"enemies":"Awakened One","floor":50,"turns":10}],"seed_played":"462736662514917724","potions_obtained":[{"floor":1,"key":"EssenceOfSteel"},{"floor":2,"key":"FearPotion"},{"floor":8,"key":"Regen Potion"},{"floor":16,"key":"Weak Potion"},{"floor":19,"key":"Block Potion"},{"floor":21,"key":"SkillPotion"},{"floor":24,"key":"CunningPotion"},{"floor":29,"key":"GamblersBrew"},{"floor":31,"key":"SpeedPotion"},{"floor":37,"key":"Fruit Juice"},{"floor":40,"key":"Poison Potion"},{"floor":48,"key":"LiquidBronze"}],"is_trial":false,"path_per_floor":["M","M","$","?","$","E","M","M","T","M","R","M","T","M","R","B",null,"M","M","M","M","$","R","M","?","T","$","E","M","R","E","R","B",null,"M","$","M","?","?","E","M","R","T","T","E","M","?","M","R","B"],"character_chosen":"THE_SILENT","items_purchased":["Glass Knife","Adrenaline","OrangePellets"],"campfire_rested":1,"item_purchase_floors":[3,5,22],"current_hp_per_floor":[44,43,43,43,43,29,29,29,29,38,38,38,38,38,59,25,70,69,66,66,56,56,56,56,56,56,70,66,52,52,52,52,48,70,53,68,68,68,63,68,68,68,68,68,64,65,56,51,51,0],"gold":129,"neow_bonus":"THREE_RARE_CARDS","is_prod":false,"is_daily":false,"chose_seed":false,"campfire_upgraded":5,"win_rate":0,"timestamp":1672624509,"path_taken":["M","M","$","?","$","E","M","M","T","M","R","M","?","M","R","BOSS","M","M","M","M","$","R","M","?","T","$","E","M","R","E","R","BOSS","M","$","M","?","?","E","M","R","T","?","E","M","?","M","R","BOSS"],"build_version":"2022-12-18","purchased_purges":4,"victory":false,"max_hp_per_floor":[70,70,70,70,70,70,70,70,70,70,70,70,70,70,70,70,70,70,70,70,70,70,70,70,70,70,70,70,70,70,70,70,70,70,70,70,70,70,70,75,75,75,75,75,75,75,75,75,75,75],"card_choices":[{"not_picked":["Grand Finale","Phantasmal Killer"],"picked":"Corpse Explosion","floor":0},{"not_picked":["Infinite Blades","Dodge and Roll"],"picked":"Quick Slash","floor":1},{"not_picked":["Reflex","Cloak And Dagger"],"picked":"Acrobatics","floor":2},{"not_picked":["Riddle With Holes","Sucker Punch","Catalyst"],"picked":"SKIP","floor":6},{"not_picked":["Leg Sweep","Skewer"],"picked":"Poisoned Stab","floor":7},{"not_picked":["Endless Agony","Escape Plan"],"picked":"Backstab","floor":8},{"not_picked":["Sucker Punch","Bane"],"picked":"Backstab","floor":10},{"not_picked":["Masterful Stab","Skewer"],"picked":"PiercingWail","floor":12},{"not_picked":["Skewer","Prepared"],"picked":"Heel Hook","floor":14},{"not_picked":["A Thousand Cuts","Phantasmal Killer"],"picked":"Adrenaline","floor":16},{"not_picked":["Poisoned Stab","Prepared+1"],"picked":"Sucker Punch+1","floor":18},{"not_picked":["Concentrate","PiercingWail+1","Dodge and Roll"],"picked":"SKIP","floor":19},{"not_picked":["Deadly Poison+1","Catalyst+1"],"picked":"Footwork","floor":20},{"not_picked":["Flying Knee","Outmaneuver+1"],"picked":"Deflect","floor":21},{"not_picked":["Outmaneuver+1","Bane"],"picked":"Terror+1","floor":24},{"not_picked":["Quick Slash+1","Bouncing Flask"],"picked":"Backstab","floor":28},{"not_picked":["Acrobatics","Unload"],"picked":"Blade Dance","floor":29},{"not_picked":["Dodge and Roll","Bouncing Flask"],"picked":"Backflip","floor":31},{"not_picked":["Corpse Explosion","Doppelganger"],"picked":"Adrenaline","floor":33},{"not_picked":["Infinite Blades","Deadly Poison"],"picked":"Prepared+1","floor":35},{"not_picked":["Dodge and Roll","Choke"],"picked":"Infinite Blades","floor":37},{"not_picked":["Discovery","Mayhem"],"picked":"Thinking Ahead","floor":39},{"not_picked":["Transmutation","Deep Breath"],"picked":"Good Instincts","floor":39},{"not_picked":["Concentrate","Underhanded Strike+1"],"picked":"Slice","floor":40},{"not_picked":["Slice+1","Dodge and Roll","Skewer"],"picked":"SKIP","floor":41},{"not_picked":["Bouncing Flask","Catalyst","Predator"],"picked":"SKIP","floor":45},{"not_picked":["Dodge and Roll+1","Deflect+1"],"picked":"Cloak And Dagger+1","floor":46},{"not_picked":["Caltrops+1","Poisoned Stab"],"picked":"Eviscerate+1","floor":48}],"player_experience":950026,"relics_obtained":[{"floor":6,"key":"Anchor"},{"floor":9,"key":"Nunchaku"},{"floor":13,"key":"Sundial"},{"floor":26,"key":"Shuriken"},{"floor":28,"key":"Regal Pillow"},{"floor":31,"key":"Akabeko"},{"floor":40,"key":"Bag of Marbles"},{"floor":43,"key":"Blood Vial"},{"floor":44,"key":"Dream Catcher"},{"floor":45,"key":"Peace Pipe"}],"event_choices":[{"damage_healed":0,"gold_gain":175,"player_choice":"AGREE","damage_taken":0,"max_hp_gain":0,"max_hp_loss":0,"event_name":"Liars Game","floor":4,"gold_loss":0,"cards_obtained":["Doubt"]},{"damage_healed":0,"gold_gain":0,"player_choice":"Gave Potion","damage_taken":0,"relics_obtained":["MealTicket"],"max_hp_gain":0,"max_hp_loss":0,"event_name":"WeMeetAgain","floor":25,"gold_loss":0},{"damage_healed":0,"gold_gain":0,"player_choice":"Paid","damage_taken":0,"relics_obtained":["Red Mask"],"max_hp_gain":0,"max_hp_loss":0,"event_name":"Tomb of Lord Red Mask","floor":38,"gold_loss":50},{"damage_healed":0,"gold_gain":0,"player_choice":"Memory 2","damage_taken":5,"max_hp_gain":0,"max_hp_loss":0,"event_name":"SensoryStone","floor":39,"gold_loss":0},{"damage_healed":0,"gold_gain":0,"player_choice":"Embrace Madness","damage_taken":9,"max_hp_gain":0,"max_hp_loss":0,"event_name":"Winding Halls","floor":47,"gold_loss":0,"cards_obtained":["Madness","Madness"]}],"is_beta":false,"boss_relics":[{"not_picked":["Snecko Eye","SacredBark"],"picked":"Philosopher\u0027s Stone"},{"not_picked":["Empty Cage","Coffee Dripper"],"picked":"WristBlade"}],"items_purged_floors":[5,22,27,36],"is_endless":false,"potions_floor_spawned":[1,2,8,16,19,21,24,29,31,37,40,48],"killed_by":"Awakened One","ascension_level":0}