{"gold_per_floor":[114,114,7,7,17,44,44,72,72,72,72,90,102,2,2,100,100,120,120,120],"floor_reached":20,"playtime":747,"items_purged":[],"score":170,"play_id":"caffe8cd-0c08-4e9e-bc11-91d5df833fd2","local_time":"20230101161719","is_ascension_mode":false,"campfire_choices":[{"data":"Prepared","floor":7.0,"key":"SMITH"},{"floor":11.0,"key":"REST"},{"floor":15.0,"key":"REST"}],"neow_cost":"","seed_source_timestamp":2188196722600,"circlet_count":0,"master_deck":["Strike_G","Strike_G+1","Strike_G","Strike_G","Strike_G","Defend_G","Defend_G","Defend_G","Defend_G","Defend_G+1","Survivor","Neutralize","Underhanded Strike","Dagger Throw","Acrobatics","Prepared+1","Unload","Inflame+1","Flechettes","Leg Sweep","Venomology","Calculated Gamble+1","RitualDagger"],"special_seed":0,"relics":["SacredBark","White Beast Statue","SacredBark","Potion Belt","SacredBark","Potion Belt","SacredBark","SacredBark"],"potions_floor_usage":[18,18],"damage_taken":[{"damage":4.0,"enemies":"Jaw Worm","floor":1.0,"turns":5.0},{"damage":0.0,"enemies":"Small Slimes","floor":5.0,"turns":5.0},{"damage":31.0,"enemies":"3 Sentries","floor":6.0,"turns":6.0},{"damage":12.0,"enemies":"The Mushroom Lair","floor":8.0,"turns":5.0},{"damage":0.0,"enemies":"2 Louse","floor":12.0,"turns":2.0},{"damage":15.0,"enemies":"Gremlin Gang","floor":13.0,"turns":4.0},{"damage":4.0,"enemies":"Hexaghost","floor":16.0,"turns":6.0},{"damage":22,"enemies":"3 Byrds","floor":18,"turns":4}],"seed_played":"-1875103770072345467","potions_obtained":[{"floor":1.0,"key":"Regen Potion"},{"floor":5.0,"key":"Explosive Potion"},{"floor":6.0,"key":"SneckoOil"},{"floor":8.0,"key":"Poison Potion"},{"floor":12.0,"key":"Dexterity Potion"},{"floor":13.0,"key":"Strength Potion"},{"floor":16.0,"key":"SteroidPotion"},{"floor":18,"key":"Ancient Potion"}],"is_trial":true,"path_per_floor":["M","?","$","?","M","E","R","?","T","?","R","M","M","$","R","B",null,"M","?","$"],"character_chosen":"THE_SILENT","items_purchased":["Dagger Throw","Acrobatics","ColorlessPotion","SteroidPotion"],"campfire_rested":2,"item_purchase_floors":[3,3,14,14],"current_hp_per_floor":[66,52,52,40,67,36,36,24,24,24,45,45,30,30,51,47,70,48,42,42],"gold":120,"neow_bonus":"","is_prod":false,"is_daily":false,"chose_seed":false,"campfire_upgraded":1,"win_rate":0,"timestamp":1672607839,"path_taken":["M","?","$","?","M","E","R","?","T","?","R","M","?","$","R","BOSS","M","?","$"],"build_version":"2022-12-18","purchased_purges":0,"victory":false,"max_hp_per_floor":[70,70,70,70,70,70,70,70,70,70,70,70,70,70,70,70,70,70,70,70],"card_choices":[{"not_picked":["Prepared","Flying Knee"],"picked":"Underhanded Strike","floor":1.0},{"not_picked":["Flying Knee","Crippling Poison"],"picked":"Prepared","floor":5.0},{"not_picked":["Deflect","Acrobatics"],"picked":"Footwork","floor":6.0},{"not_picked":["Terror","Dodge and Roll"],"picked":"Unload","floor":8.0},{"not_picked":["Sucker Punch","Quick Slash"],"picked":"Flechettes","floor":12.0},{"not_picked":["Deadly Poison","Backstab"],"picked":"Leg Sweep","floor":13.0},{"not_picked":["Unload","Burst"],"picked":"Venomology","floor":16.0},{"not_picked":["Sucker Punch","Poisoned Stab+1"],"picked":"Calculated Gamble+1","floor":18}],"player_experience":945275,"relics_obtained":[{"floor":6.0,"key":"SacredBark"},{"floor":8.0,"key":"Potion Belt"},{"floor":9.0,"key":"SacredBark"}],"event_choices":[{"damage_healed":0.0,"max_hp_gain":0.0,"max_hp_loss":0.0,"gold_gain":0.0,"event_name":"Shining Light","player_choice":"Entered Light","floor":2.0,"gold_loss":0.0,"damage_taken":14.0,"cards_upgraded":["Strike_G","Defend_G"]},{"damage_healed":0.0,"max_hp_gain":0.0,"max_hp_loss":0.0,"gold_gain":0.0,"event_name":"Scrap Ooze","player_choice":"Success","floor":4.0,"gold_loss":0.0,"damage_taken":12.0,"relics_obtained":["SacredBark"]},{"damage_healed":0.0,"max_hp_gain":0.0,"max_hp_loss":0.0,"gold_gain":0.0,"event_name":"Mushrooms","player_choice":"Fought Mushrooms","floor":8.0,"gold_loss":0.0,"damage_taken":0.0},{"cards_removed":["Footwork"],"damage_healed":0.0,"max_hp_gain":0.0,"max_hp_loss":0.0,"gold_gain":0.0,"event_name":"NoteForYourself","player_choice":"Took Card","floor":10.0,"gold_loss":0.0,"damage_taken":0.0,"cards_obtained":["Inflame"]},{"damage_healed":0,"gold_gain":0,"player_choice":"Joined the Cult","damage_taken":6,"max_hp_gain":0,"max_hp_loss":0,"event_name":"Nest","floor":19,"gold_loss":0,"cards_obtained":["RitualDagger"]}],"is_beta":false,"boss_relics":[{"not_picked":["Potion Belt","SacredBark"],"picked":"SacredBark"}],"items_purged_floors":[],"is_endless":false,"potions_floor_spawned":[1,5,6,8,12,13,16,18],"ascension_level":0}