{"gold_per_floor":[109,124,141,141,141,177,177,218,245,288,297,297,318,347,347,457,457,486,503,100,100,115,156,7,27,98,110,136,136,173,188,188,287,287,307,327,47,60,87,115,115,156,156,156,156,6,6,18,18,18],"floor_reached":51,"playtime":3157,"items_purged":["Strike_G","Strike_G","Defend_G","Defend_G"],"score":1543,"play_id":"df7db1cd-3644-4416-bf28-b513c4b96320","local_time":"20221228102921","is_ascension_mode":true,"campfire_choices":[{"floor":7.0,"key":"REST"},{"data":"Calculated Gamble","floor":12.0,"key":"SMITH"},{"floor":15.0,"key":"REST"},{"data":"Envenom","floor":29.0,"key":"SMITH"},{"data":"The Bomb","floor":32.0,"key":"SMITH"},{"floor":41.0,"key":"REST"},{"data":"PanicButton","floor":47,"key":"SMITH"},{"data":"Footwork","floor":49,"key":"SMITH"}],"neow_cost":"","seed_source_timestamp":1027573067137300,"circlet_count":0,"master_deck":["AscendersBane","Strike_G","Strike_G","Strike_G","Defend_G","Defend_G+1","Defend_G","Survivor","Neutralize","Footwork+1","The Bomb+1","Terror+1","PanicButton+1","Poisoned Stab","Skewer","Die Die Die","Glass Knife","Leg Sweep","Calculated Gamble+1","Dagger Throw","Calculated Gamble","Envenom+1","Infinite Blades+1","Acrobatics","Prepared+1","Reflex","Blur","Corpse Explosion","Bane+1","Blur"],"special_seed":0,"relics":["Ring of the Snake","moreChoices:MoreCardChoices","Sling","Oddly Smooth Stone","CeramicFish","Tiny Chest","Snake Skull","Happy Flower","energizedSpire:HighHeels","PreservedInsect","Lee\u0027s Waffle","Mummified Hand","bronze:DecasWashers","ClockworkSouvenir","Letter Opener","bronze:BronzeIdol","Vajra","Busted Crown","Bag of Preparation","Pantograph","Bronze Scales"],"potions_floor_usage":[50,50,50],"damage_taken":[{"damage":1.0,"enemies":"Jaw Worm","floor":1.0,"turns":4.0},{"damage":8.0,"enemies":"Small Slimes","floor":2.0,"turns":3.0},{"damage":0.0,"enemies":"Cultist","floor":3.0,"turns":3.0},{"damage":1.0,"enemies":"3 Sentries","floor":6.0,"turns":4.0},{"damage":16.0,"enemies":"Gremlin Nob","floor":8.0,"turns":3.0},{"damage":0.0,"enemies":"3 Sentries","floor":10.0,"turns":4.0},{"damage":7.0,"enemies":"Gremlin Gang","floor":13.0,"turns":4.0},{"damage":6.0,"enemies":"Exordium Thugs","floor":14.0,"turns":5.0},{"damage":9.0,"enemies":"Hexaghost","floor":16.0,"turns":9.0},{"damage":0.0,"enemies":"Chosen","floor":18.0,"turns":3.0},{"damage":22.0,"enemies":"Spheric Guardian","floor":19.0,"turns":4.0},{"damage":4.0,"enemies":"Chosen and Byrds","floor":22.0,"turns":6.0},{"damage":9.0,"enemies":"Book of Stabbing","floor":23.0,"turns":3.0},{"damage":0.0,"enemies":"Centurion and Healer","floor":25.0,"turns":4.0},{"damage":1.0,"enemies":"Snake Plant","floor":27.0,"turns":3.0},{"damage":15.0,"enemies":"Gremlin Leader","floor":28.0,"turns":4.0},{"damage":1.0,"enemies":"Book of Stabbing","floor":30.0,"turns":4.0},{"damage":0.0,"enemies":"Snecko","floor":31.0,"turns":2.0},{"damage":11.0,"enemies":"Champ","floor":33.0,"turns":7.0},{"damage":9.0,"enemies":"3 Shapes","floor":35.0,"turns":3.0},{"damage":18.0,"enemies":"3 Darklings","floor":36.0,"turns":4.0},{"damage":0.0,"enemies":"Transient","floor":38.0,"turns":5.0},{"damage":3.0,"enemies":"Spire Growth","floor":39.0,"turns":3.0},{"damage":0.0,"enemies":"Giant Head","floor":40.0,"turns":4.0},{"damage":0.0,"enemies":"Nemesis","floor":42.0,"turns":5.0},{"damage":0,"enemies":"Jaw Worm Horde","floor":48,"turns":2},{"damage":50,"enemies":"Time Eater","floor":50,"turns":10}],"seed_played":"-7380710634283335656","potions_obtained":[{"floor":3.0,"key":"LiquidBronze"},{"floor":8.0,"key":"GhostInAJar"},{"floor":10.0,"key":"SkillPotion"},{"floor":16.0,"key":"PowerPotion"},{"floor":22.0,"key":"expansioncontent:BossPotion"},{"floor":23.0,"key":"Dexterity Potion"},{"floor":25.0,"key":"Block Potion"},{"floor":28.0,"key":"Strength Potion"},{"floor":39.0,"key":"expansioncontent:BossPotion"},{"floor":42.0,"key":"gremlin:WizPotion"},{"floor":48,"key":"Guardian:BlockOnCardUsePotion"}],"is_trial":false,"path_per_floor":["M","M","M","?","?","E","R","E","T","E","?","R","M","M","R","B",null,"M","M","$","T","M","E","$","M","T","M","E","R","E","M","R","B",null,"M","M","$","M","M","E","R","E","T","?","?","$","R","M","R","B",null],"character_chosen":"THE_SILENT","items_purchased":["Footwork","The Bomb","Sling","Oddly Smooth Stone","Terror","PanicButton","PreservedInsect","Lee\u0027s Waffle","ClockworkSouvenir","Blur","Corpse Explosion"],"campfire_rested":3,"item_purchase_floors":[0,0,0,0,0,0,20,20,24,37,37],"current_hp_per_floor":[41,33,33,33,19,18,39,23,23,23,23,23,16,10,31,22,58,58,36,77,77,73,64,64,64,64,63,48,48,47,47,47,36,67,58,40,40,40,37,37,60,60,60,60,60,60,60,60,60,23],"gold":18,"neow_bonus":"","is_prod":false,"is_daily":false,"chose_seed":false,"campfire_upgraded":5,"win_rate":0,"timestamp":1672241361,"path_taken":["M","M","M","?","?","E","R","E","T","E","?","R","?","M","R","BOSS","M","?","$","?","M","E","$","M","T","?","E","R","E","M","R","BOSS","M","M","$","M","M","E","R","E","T","?","?","$","R","M","R","BOSS"],"build_version":"2022-12-18","purchased_purges":4,"victory":true,"max_hp_per_floor":[70,70,70,70,70,70,70,70,70,70,70,70,70,70,70,70,70,70,70,77,77,77,77,77,77,77,77,77,77,77,77,77,77,77,77,77,77,77,77,77,77,77,77,77,73,73,73,73,73,73],"card_choices":[{"not_picked":["Deadly Poison","Concentrate","Quick Slash","Slice"],"picked":"Poisoned Stab","floor":1.0},{"not_picked":["Dagger Throw","Endless Agony","Slice","Deadly Poison"],"picked":"Skewer","floor":2.0},{"not_picked":["Heel Hook","Escape Plan","Quick Slash","PiercingWail"],"picked":"Die Die Die","floor":3.0},{"not_picked":["Outmaneuver","Quick Slash","Accuracy","Envenom"],"picked":"Glass Knife","floor":6.0},{"not_picked":["Catalyst","Underhanded Strike","Flying Knee","Dagger Spray"],"picked":"Leg Sweep","floor":8.0},{"not_picked":["Acrobatics","Riddle With Holes","Dagger Throw","Outmaneuver"],"picked":"Calculated Gamble","floor":10.0},{"not_picked":["Flying Knee","Choke","Cloak And Dagger","Deflect"],"picked":"Calculated Gamble","floor":13.0},{"not_picked":["Finisher","Flying Knee","Deflect","Dagger Spray"],"picked":"Backflip","floor":14.0},{"not_picked":["Night Terror","Unload","Doppelganger","Wraith Form v2"],"picked":"Envenom","floor":16.0},{"not_picked":["Dodge and Roll","Crippling Poison","Backflip","Cloak And Dagger"],"picked":"Infinite Blades+1","floor":18.0},{"not_picked":["Dagger Spray","Blur+1","Skewer","Dagger Throw+1","Cloak And Dagger"],"picked":"SKIP","floor":19.0},{"not_picked":["Dagger Spray+1","Caltrops","Deadly Poison","Underhanded Strike","Endless Agony+1"],"picked":"SKIP","floor":22.0},{"not_picked":["Flying Knee","Prepared","Blur","Finisher"],"picked":"Acrobatics","floor":23.0},{"not_picked":["Setup+1","Prepared","Deflect","Eviscerate","Die Die Die"],"picked":"SKIP","floor":25.0},{"not_picked":["Dagger Spray+1","PiercingWail","Underhanded Strike","Slice","Backflip"],"picked":"SKIP","floor":27.0},{"not_picked":["Dodge and Roll+1","Crippling Poison","Dagger Spray+1","Quick Slash+1","Endless Agony"],"picked":"SKIP","floor":28.0},{"not_picked":["Underhanded Strike","Flying Knee","Masterful Stab","Infinite Blades+1"],"picked":"Prepared+1","floor":30.0},{"not_picked":["Blade Dance","Cloak And Dagger","Prepared+1","Poisoned Stab","Acrobatics"],"picked":"SKIP","floor":31.0},{"not_picked":["Bouncing Flask+1","Prepared","Underhanded Strike"],"picked":"SKIP","floor":35.0},{"not_picked":["Deflect+1","Setup"],"picked":"Reflex","floor":36.0},{"not_picked":["Cloak And Dagger","Flechettes+1","Concentrate+1"],"picked":"SKIP","floor":38.0},{"not_picked":["Concentrate+1","PiercingWail"],"picked":"Bane+1","floor":39.0},{"not_picked":["Finisher+1","Slice+1","Flying Knee+1"],"picked":"SKIP","floor":40.0},{"not_picked":["Leg Sweep","Outmaneuver"],"picked":"Blur","floor":42.0},{"not_picked":["Outmaneuver+1","Cloak And Dagger+1","Masterful Stab"],"picked":"SKIP","floor":48}],"player_experience":1154288,"relics_obtained":[{"floor":6.0,"key":"CeramicFish"},{"floor":8.0,"key":"Tiny Chest"},{"floor":9.0,"key":"Snake Skull"},{"floor":10.0,"key":"Happy Flower"},{"floor":21.0,"key":"Mummified Hand"},{"floor":23.0,"key":"bronze:DecasWashers"},{"floor":26.0,"key":"Letter Opener"},{"floor":28.0,"key":"bronze:BronzeIdol"},{"floor":30.0,"key":"Vajra"},{"floor":40.0,"key":"Bag of Preparation"},{"floor":42.0,"key":"Pantograph"},{"floor":43.0,"key":"Bronze Scales"}],"event_choices":[{"damage_healed":0.0,"max_hp_gain":0.0,"max_hp_loss":0.0,"gold_gain":0.0,"event_name":"Liars Game","player_choice":"Ignored","floor":4.0,"gold_loss":0.0,"damage_taken":0.0},{"damage_healed":0.0,"max_hp_gain":0.0,"max_hp_loss":0.0,"gold_gain":0.0,"event_name":"Shining Light","player_choice":"Entered Light","floor":5.0,"gold_loss":0.0,"damage_taken":14.0,"cards_upgraded":["Defend_G","Terror"]},{"damage_healed":0.0,"max_hp_gain":0.0,"max_hp_loss":0.0,"gold_gain":0.0,"event_name":"Match and Keep!","player_choice":"1 cards matched","floor":11.0,"gold_loss":0.0,"damage_taken":0.0,"cards_obtained":["Dagger Throw"]},{"damage_healed":0.0,"max_hp_gain":0.0,"max_hp_loss":0.0,"gold_gain":0.0,"event_name":"Match and Keep!","player_choice":"1 cards matched","floor":11.0,"gold_loss":0.0,"damage_taken":0.0,"cards_obtained":["Dagger Throw"]},{"cards_removed":["Backflip"],"damage_healed":0.0,"max_hp_gain":0.0,"max_hp_loss":0.0,"gold_gain":0.0,"event_name":"Falling","player_choice":"Removed Skill","floor":44.0,"gold_loss":0.0,"damage_taken":0.0},{"damage_healed":0.0,"max_hp_gain":0.0,"max_hp_loss":4.0,"gold_gain":0.0,"event_name":"Winding Halls","player_choice":"Max HP","floor":45.0,"gold_loss":0.0,"damage_taken":0.0}],"is_beta":false,"boss_relics":[{"not_picked":["Philosopher\u0027s Stone","WristBlade"],"picked":"energizedSpire:HighHeels"},{"not_picked":["SlaversCollar","energizedSpire:DeadBattery"],"picked":"Busted Crown"}],"items_purged_floors":[0,20,37,46],"is_endless":false,"potions_floor_spawned":[3,8,10,16,22,23,25,28,39,42,48],"ascension_level":10}