{"gold_per_floor":[117,131,143,155,125,125,155,167,167,167],"floor_reached":10,"playtime":608,"items_purged":[],"score":105,"play_id":"1249d7c6-3aae-45ee-8c10-b8451c18c28f","local_time":"20221230003734","is_ascension_mode":true,"campfire_choices":[{"floor":6,"key":"REST"}],"neow_cost":"NONE","seed_source_timestamp":1167446723791100,"circlet_count":0,"master_deck":["AscendersBane","Strike_G","Strike_G","Strike_G","Strike_G","Strike_G","Defend_G","Defend_G","Defend_G","Defend_G","Defend_G","Survivor","Neutralize","Deadly Poison","Slice","Skewer","Dagger Spray","Calculated Gamble","PiercingWail","Poisoned Stab"],"relics":["Ring of the Snake","Toy Ornithopter","Meat on the Bone"],"potions_floor_usage":[7,7,7,8,10],"damage_taken":[{"damage":5,"enemies":"Jaw Worm","floor":1,"turns":4},{"damage":1,"enemies":"Cultist","floor":2,"turns":4},{"damage":7,"enemies":"Small Slimes","floor":3,"turns":3},{"damage":36,"enemies":"Exordium Thugs","floor":4,"turns":5},{"damage":33,"enemies":"3 Sentries","floor":7,"turns":10},{"damage":3,"enemies":"Blue Slaver","floor":8,"turns":3},{"damage":25,"enemies":"Lagavulin","floor":10,"turns":5}],"seed_played":"-775059532387673257","potions_obtained":[{"floor":3,"key":"GhostInAJar"},{"floor":5,"key":"Swift Potion"},{"floor":5,"key":"FearPotion"},{"floor":7,"key":"Slimebound:ThreeZeroPotion"},{"floor":8,"key":"GhostInAJar"}],"is_trial":false,"path_per_floor":["M","M","M","M","?","R","E","M","T","E"],"character_chosen":"THE_SILENT","items_purchased":[],"campfire_rested":1,"item_purchase_floors":[],"current_hp_per_floor":[58,57,50,14,14,35,2,4,4,0],"gold":167,"neow_bonus":"THREE_CARDS","is_prod":false,"is_daily":false,"chose_seed":false,"campfire_upgraded":0,"win_rate":0,"timestamp":1672378654,"path_taken":["M","M","M","M","?","R","E","M","T","E"],"build_version":"2022-12-18","purchased_purges":0,"victory":false,"max_hp_per_floor":[70,70,70,70,70,70,70,70,70,70],"card_choices":[{"not_picked":["Dodge and Roll","Underhanded Strike"],"picked":"Deadly Poison","floor":0},{"not_picked":["Deflect","Skewer"],"picked":"Slice","floor":1},{"not_picked":["Choke","Dagger Spray"],"picked":"Skewer","floor":2},{"not_picked":["Dodge and Roll","Crippling Poison"],"picked":"Dagger Spray","floor":3},{"not_picked":["Grand Finale","Slice"],"picked":"Calculated Gamble","floor":4},{"not_picked":["Deflect","Concentrate"],"picked":"PiercingWail","floor":7},{"not_picked":["Slice","Underhanded Strike"],"picked":"Poisoned Stab","floor":8}],"player_experience":1181459,"relics_obtained":[{"floor":7,"key":"Toy Ornithopter"},{"floor":9,"key":"Meat on the Bone"}],"event_choices":[{"damage_healed":0,"gold_gain":0,"player_choice":"Bought 2 Potions","damage_taken":0,"max_hp_gain":0,"max_hp_loss":0,"event_name":"The Woman in Blue","floor":5,"gold_loss":0}],"is_beta":false,"boss_relics":[],"items_purged_floors":[],"is_endless":false,"potions_floor_spawned":[3,7,8],"killed_by":"Lagavulin","ascension_level":10}