{"gold_per_floor":[111,122,138,35,55,80,91,91,114,114,141,222,222,233,233,336,336,353,111,111,11,28,28,41,41,41,66,81,81,81,95,95,198,198,209,221,237,250,101,101,101,27,77,105,105,139,155,155,155,155],"floor_reached":51,"playtime":3271,"items_purged":["Strike_G","Defend_G","Strike_G"],"score":812,"play_id":"f4ea5fed-3055-4a7d-bd96-45747e9cd73e","local_time":"20230102012137","is_ascension_mode":false,"campfire_choices":[{"floor":8.0,"key":"REST"},{"floor":13.0,"key":"REST"},{"floor":15.0,"key":"REST"},{"data":"Accuracy","floor":23,"key":"SMITH"},{"data":"Calculated Gamble","floor":25,"key":"SMITH"},{"data":"Tactician","floor":29,"key":"SMITH"},{"floor":32,"key":"REST"},{"data":"Acrobatics","floor":40,"key":"SMITH"},{"floor":49,"key":"REST"}],"neow_cost":"NONE","seed_source_timestamp":0,"circlet_count":0,"master_deck":["Strike_G","Strike_G","Strike_G","Defend_G","Defend_G","Defend_G","Defend_G","Survivor","Neutralize","Backflip","Noxious Fumes","Bouncing Flask","Blade Dance","Accuracy","Acrobatics+1","Dash","Underhanded Strike","Calculated Gamble+1","Accuracy+1","Adrenaline","Blade Dance","Envenom+1","Dark Shackles","Dagger Spray+1","Acrobatics","Tactician+1","Tactician+1","Calculated Gamble+1","Backflip","Reflex","Calculated Gamble+1","Underhanded Strike","Envenom","Acrobatics","Neutralize"],"special_seed":0,"relics":["Philosopher\u0027s Stone","Mercury Hourglass","Boot","Vajra","Mummified Hand","Calling Bell","Oddly Smooth Stone","Singing Bowl","Bird Faced Urn","SacredBark","Potion Belt"],"potions_floor_usage":[28,28,33,33,33,37,37,38,46],"damage_taken":[{"damage":3.0,"enemies":"2 Louse","floor":1.0,"turns":3.0},{"damage":2.0,"enemies":"Jaw Worm","floor":2.0,"turns":4.0},{"damage":3.0,"enemies":"Cultist","floor":3.0,"turns":5.0},{"damage":3.0,"enemies":"Large Slime","floor":5.0,"turns":5.0},{"damage":42.0,"enemies":"Gremlin Nob","floor":6.0,"turns":5.0},{"damage":8.0,"enemies":"Gremlin Gang","floor":7.0,"turns":3.0},{"damage":22.0,"enemies":"3 Sentries","floor":11.0,"turns":5.0},{"damage":0.0,"enemies":"2 Fungi Beasts","floor":14.0,"turns":2.0},{"damage":10.0,"enemies":"Hexaghost","floor":16.0,"turns":7.0},{"damage":19.0,"enemies":"3 Byrds","floor":18.0,"turns":4.0},{"damage":4,"enemies":"Shell Parasite","floor":22,"turns":4},{"damage":0,"enemies":"Shelled Parasite and Fungi","floor":24,"turns":3},{"damage":14,"enemies":"Book of Stabbing","floor":27,"turns":4},{"damage":9,"enemies":"Centurion and Healer","floor":28,"turns":3},{"damage":33,"enemies":"Snecko","floor":31,"turns":6},{"damage":0,"enemies":"Automaton","floor":33,"turns":4},{"damage":0,"enemies":"3 Darklings","floor":35,"turns":3},{"damage":7,"enemies":"Orb Walker","floor":36,"turns":3},{"damage":28,"enemies":"Writhing Mass","floor":37,"turns":6},{"damage":26,"enemies":"Maw","floor":38,"turns":6},{"damage":28,"enemies":"Nemesis","floor":44,"turns":5},{"damage":14,"enemies":"Giant Head","floor":46,"turns":6},{"damage":0,"enemies":"Jaw Worm Horde","floor":47,"turns":2},{"damage":26,"enemies":"Donu and Deca","floor":50,"turns":8}],"seed_played":"-5488246635266551917","potions_obtained":[{"floor":7.0,"key":"BlessingOfTheForge"},{"floor":14.0,"key":"LiquidMemories"},{"floor":16.0,"key":"Weak Potion"},{"floor":18,"key":"CunningPotion"},{"floor":27,"key":"SkillPotion"},{"floor":31,"key":"EntropicBrew"},{"floor":35,"key":"GhostInAJar"},{"floor":37,"key":"SneckoOil"},{"floor":44,"key":"AttackPotion"}],"is_trial":false,"path_per_floor":["M","M","M","$","M","E","M","R","T","?","E","T","R","M","R","B",null,"M","$","?","$","M","R","M","R","T","E","M","R","?","M","R","B",null,"M","M","M","M","$","R","?","$","T","E","?","E","M","?","R","B",null],"character_chosen":"THE_SILENT","items_purchased":["Blade Dance","Accuracy","Envenom","Dark Shackles","Underhanded Strike","Envenom"],"campfire_rested":5,"item_purchase_floors":[4,4,19,19,39,42],"current_hp_per_floor":[67,65,62,62,59,17,9,30,30,30,8,8,29,29,50,40,70,55,55,55,55,59,59,63,63,63,57,52,52,52,29,50,60,74,74,71,53,35,35,35,35,35,35,15,15,11,17,17,40,24],"gold":155,"neow_bonus":"BOSS_RELIC","is_prod":false,"is_daily":false,"chose_seed":false,"campfire_upgraded":4,"win_rate":0,"timestamp":1672640497,"path_taken":["M","M","M","$","M","E","M","R","T","?","E","?","R","M","R","BOSS","M","$","?","?","M","R","M","R","T","E","M","R","?","M","R","BOSS","M","?","M","M","$","R","?","$","T","E","?","E","?","?","R","BOSS"],"build_version":"2022-12-18","purchased_purges":3,"victory":true,"max_hp_per_floor":[70,70,70,70,70,70,70,70,70,70,70,70,70,70,70,70,70,70,70,70,70,70,70,70,70,70,70,70,70,70,72,72,74,74,74,74,76,76,76,76,76,76,76,76,76,76,78,78,78,78],"card_choices":[{"not_picked":["Dagger Spray","Cloak And Dagger"],"picked":"Backflip","floor":1.0},{"not_picked":["Dodge and Roll","Deadly Poison"],"picked":"Noxious Fumes","floor":2.0},{"not_picked":["Flying Knee","Flechettes"],"picked":"Bouncing Flask","floor":3.0},{"not_picked":["Blade Dance","Reflex"],"picked":"Acrobatics","floor":5.0},{"not_picked":["Backflip","Underhanded Strike"],"picked":"Dash","floor":6.0},{"not_picked":["Bane","Flying Knee"],"picked":"Underhanded Strike","floor":7.0},{"not_picked":["Concentrate","Accuracy"],"picked":"Calculated Gamble","floor":11.0},{"not_picked":["Deflect","Malaise"],"picked":"Accuracy","floor":14.0},{"not_picked":["Storm of Steel","A Thousand Cuts"],"picked":"Adrenaline","floor":16.0},{"not_picked":["Masterful Stab+1","Slice"],"picked":"Blade Dance","floor":18},{"not_picked":["Backflip","PiercingWail+1"],"picked":"Dagger Spray+1","floor":22},{"not_picked":["Dagger Spray","Finisher"],"picked":"Acrobatics","floor":24},{"not_picked":["Dash","Deadly Poison"],"picked":"Tactician","floor":27},{"not_picked":["Underhanded Strike","Burst"],"picked":"Tactician+1","floor":28},{"not_picked":["Poisoned Stab+1","Crippling Poison","Setup"],"picked":"Singing Bowl","floor":31},{"not_picked":["Doppelganger","Grand Finale","Glass Knife"],"picked":"Singing Bowl","floor":33},{"not_picked":["Outmaneuver","Deflect"],"picked":"Backflip","floor":35},{"not_picked":["Heel Hook","Outmaneuver+1"],"picked":"Reflex","floor":36},{"not_picked":["Escape Plan","Infinite Blades","Dash+1"],"picked":"Singing Bowl","floor":37},{"not_picked":["Backflip","Bane+1"],"picked":"Calculated Gamble+1","floor":38},{"not_picked":["Deadly Poison","Skewer+1"],"picked":"Acrobatics","floor":44},{"not_picked":["Deflect+1","Riddle With Holes"],"picked":"Dash+1","floor":46},{"not_picked":["Tactician","Heel Hook+1","Dodge and Roll"],"picked":"Singing Bowl","floor":47}],"player_experience":952345,"relics_obtained":[{"floor":6.0,"key":"Mercury Hourglass"},{"floor":9.0,"key":"Boot"},{"floor":11.0,"key":"Vajra"},{"floor":12.0,"key":"Mummified Hand"},{"floor":17.0,"key":"Oddly Smooth Stone"},{"floor":17.0,"key":"Singing Bowl"},{"floor":17.0,"key":"Bird Faced Urn"},{"floor":27,"key":"SacredBark"}],"event_choices":[{"damage_healed":0.0,"max_hp_gain":0.0,"max_hp_loss":0.0,"gold_gain":0.0,"event_name":"Liars Game","player_choice":"Ignored","floor":10.0,"gold_loss":0.0,"damage_taken":0.0},{"damage_healed":0,"gold_gain":0,"player_choice":"Forge","damage_taken":0,"max_hp_gain":0,"max_hp_loss":0,"event_name":"Accursed Blacksmith","floor":20,"gold_loss":0,"cards_upgraded":["Envenom"]},{"damage_healed":0,"gold_gain":0,"player_choice":"Copied","damage_taken":0,"max_hp_gain":0,"max_hp_loss":0,"event_name":"Duplicator","floor":30,"gold_loss":0,"cards_obtained":["Calculated Gamble"]},{"damage_healed":0,"gold_gain":0,"player_choice":"Ignored","damage_taken":0,"max_hp_gain":0,"max_hp_loss":0,"event_name":"Tomb of Lord Red Mask","floor":41,"gold_loss":0},{"damage_healed":0,"gold_gain":0,"player_choice":"1 cards matched","damage_taken":0,"max_hp_gain":0,"max_hp_loss":0,"event_name":"Match and Keep!","floor":45,"gold_loss":0,"cards_obtained":["Neutralize"]},{"cards_removed":["Dash"],"damage_healed":0,"gold_gain":0,"player_choice":"Removed Attack","damage_taken":0,"max_hp_gain":0,"max_hp_loss":0,"event_name":"Falling","floor":48,"gold_loss":0}],"is_beta":false,"boss_relics":[{"not_picked":["Runic Dome","Ectoplasm"],"picked":"Calling Bell"},{"not_picked":["SacredBark","Potion Belt"],"picked":"Potion Belt"}],"items_purged_floors":[19,21,39],"is_endless":false,"potions_floor_spawned":[7,14,16,18,27,31,35,37,44],"ascension_level":0}