{"gold_per_floor":[15,15,32,32,32,63,76,96,96,127,127,145,160,179,179,278,278,288,303,7,18,18,18,45,45,45,145,145,24,49,60,60,60],"floor_reached":33,"playtime":1709,"items_purged":["Parasite","Neutralize"],"score":371,"play_id":"9b303bcb-d8a7-4728-a520-7c9b8b3d7f57","local_time":"20230116172636","is_ascension_mode":true,"campfire_choices":[{"data":"Bullet Time","floor":15,"key":"SMITH"},{"data":"Calculated Gamble","floor":23,"key":"SMITH"},{"data":"Dodge and Roll","floor":25,"key":"SMITH"},{"data":"Dodge and Roll","floor":28,"key":"SMITH"},{"data":"Well Laid Plans","floor":32,"key":"SMITH"}],"neow_cost":"CURSE","seed_source_timestamp":62853898607800,"circlet_count":0,"master_deck":["Survivor","Poisoned Stab","Poisoned Stab","Poisoned Stab","Poisoned Stab","Poisoned Stab","Dodge and Roll+1","Dodge and Roll+1","Dodge and Roll","Dodge and Roll","Dodge and Roll","Dagger Throw","Blade Dance","Bullet Time+1","Bane","Crippling Poison","Well Laid Plans+1","Expertise","Calculated Gamble+1","Tools of the Trade","ICR:Cloudkill+1","Backflip","Catalyst+1","Footwork+1","Prepared"],"relics":["Ring of the Snake","Anchor","The Courier","Gambling Chip","Sozu","OrangePellets","MealTicket","Paper Crane","Question Card","Ancient Tea Set"],"potions_floor_usage":[15,18,24],"damage_taken":[{"damage":0,"enemies":"2 Louse","floor":1,"turns":4},{"damage":5,"enemies":"Jaw Worm","floor":3,"turns":2},{"damage":14,"enemies":"3 Sentries","floor":6,"turns":8},{"damage":0,"enemies":"Small Slimes","floor":7,"turns":3},{"damage":0,"enemies":"Blue Slaver","floor":8,"turns":3},{"damage":3,"enemies":"Gremlin Nob","floor":10,"turns":3},{"damage":0,"enemies":"3 Louse","floor":12,"turns":2},{"damage":0,"enemies":"Exordium Wildlife","floor":13,"turns":4},{"damage":0,"enemies":"Looter","floor":14,"turns":2},{"damage":6,"enemies":"The Guardian","floor":16,"turns":12},{"damage":0,"enemies":"3 Byrds","floor":18,"turns":5},{"damage":13,"enemies":"Shell Parasite","floor":19,"turns":5},{"damage":7,"enemies":"3 Cultists","floor":21,"turns":4},{"damage":12,"enemies":"Slavers","floor":24,"turns":4},{"damage":5,"enemies":"Book of Stabbing","floor":30,"turns":5},{"damage":0,"enemies":"Snake Plant","floor":31,"turns":4},{"damage":46,"enemies":"Collector","floor":33,"turns":7}],"seed_played":"-6509916515422224969","potions_obtained":[{"floor":1,"key":"Fruit Juice"},{"floor":6,"key":"CunningPotion"},{"floor":13,"key":"CunningPotion"}],"is_trial":false,"path_per_floor":["M","?","M","$","?","E","M","M","T","E","?","M","M","M","R","B",null,"M","M","$","M","?","R","E","R","T","?","R","$","E","M","R","B"],"character_chosen":"THE_SILENT","items_purchased":["OrangePellets","MealTicket","Prepared"],"campfire_rested":0,"item_purchase_floors":[20,20,29],"current_hp_per_floor":[45,38,33,33,33,19,19,19,19,16,31,31,31,31,36,30,59,59,46,46,39,39,39,27,27,27,27,27,42,37,37,37,0],"gold":60,"neow_bonus":"SILENT_ASSASSIN","is_prod":false,"is_daily":false,"chose_seed":false,"campfire_upgraded":5,"win_rate":0,"timestamp":1673907996,"path_taken":["M","?","M","$","?","E","M","M","T","E","?","?","M","M","R","BOSS","M","M","$","M","?","R","E","R","T","?","R","$","E","M","R","BOSS"],"build_version":"2022-12-18","purchased_purges":2,"victory":false,"max_hp_per_floor":[63,63,63,63,63,63,63,63,63,63,63,63,63,63,68,68,68,68,68,65,65,65,65,65,65,65,65,65,65,65,65,65,65],"card_choices":[{"not_picked":["Backflip","Quick Slash"],"picked":"Dagger Throw","floor":1},{"not_picked":["Accuracy","Cloak And Dagger"],"picked":"Blade Dance","floor":3},{"not_picked":["Dagger Spray","Dodge and Roll"],"picked":"Bullet Time","floor":6},{"not_picked":["Quick Slash","Flying Knee","Dodge and Roll"],"picked":"SKIP","floor":7},{"not_picked":["Quick Slash","Poisoned Stab"],"picked":"Bane","floor":8},{"not_picked":["Underhanded Strike","Heel Hook"],"picked":"Crippling Poison","floor":10},{"not_picked":["Dagger Throw","Deadly Poison"],"picked":"Well Laid Plans","floor":12},{"not_picked":["Quick Slash","Poisoned Stab"],"picked":"Expertise","floor":13},{"not_picked":["Underhanded Strike","Predator"],"picked":"Calculated Gamble","floor":14},{"not_picked":["Storm of Steel","Grand Finale"],"picked":"Tools of the Trade","floor":16},{"not_picked":["Dagger Spray","Dagger Throw"],"picked":"ICR:Cloudkill+1","floor":18},{"not_picked":["Caltrops","Infinite Blades"],"picked":"Backflip","floor":19},{"not_picked":["Heel Hook","Footwork+1"],"picked":"Catalyst+1","floor":21},{"not_picked":["Deflect","ICR:Cloudkill"],"picked":"Footwork+1","floor":24},{"not_picked":["Backstab","Dagger Spray+1","Storm of Steel","Deadly Poison+1"],"picked":"SKIP","floor":30},{"not_picked":["Cloak And Dagger","Caltrops","All Out Attack","Sucker Punch"],"picked":"SKIP","floor":31}],"player_experience":1086668,"relics_obtained":[{"floor":6,"key":"Anchor"},{"floor":9,"key":"The Courier"},{"floor":10,"key":"Gambling Chip"},{"floor":24,"key":"Paper Crane"},{"floor":26,"key":"Question Card"},{"floor":30,"key":"Ancient Tea Set"}],"event_choices":[{"cards_removed":["Normality"],"damage_healed":0,"gold_gain":0,"player_choice":"Card Removal","damage_taken":7,"max_hp_gain":0,"max_hp_loss":0,"event_name":"Golden Wing","floor":2,"gold_loss":0},{"damage_healed":0,"gold_gain":0,"player_choice":"Ignored","damage_taken":32,"max_hp_gain":0,"max_hp_loss":0,"event_name":"betterThird:BetterSerpent","floor":5,"gold_loss":0},{"damage_healed":15,"gold_gain":0,"player_choice":"Healed and dodged fight","damage_taken":0,"max_hp_gain":0,"max_hp_loss":0,"event_name":"Mushrooms","floor":11,"gold_loss":0,"cards_obtained":["Parasite"]},{"damage_healed":0,"gold_gain":0,"player_choice":"Ignored","damage_taken":0,"max_hp_gain":0,"max_hp_loss":0,"event_name":"betterNote:BetterNote","floor":22,"gold_loss":0,"cards_obtained":["Combust"]},{"damage_healed":0,"gold_gain":100,"player_choice":"Pray","damage_taken":0,"max_hp_gain":0,"max_hp_loss":0,"event_name":"Golden Shrine","floor":27,"gold_loss":0}],"is_beta":false,"boss_relics":[{"not_picked":["WristBlade","Calling Bell"],"picked":"Sozu"}],"items_purged_floors":[20,29],"is_endless":false,"potions_floor_spawned":[1,6,13,14,21,24,31],"killed_by":"Collector","ascension_level":5}