{"gold_per_floor":[110,121,71,90,107,134,134,159,159,159,193,206,221,61,61,61],"floor_reached":16,"playtime":986,"items_purged":["Defend_G"],"score":206,"play_id":"5cdfc41a-da0d-48dc-97a7-8e703b3e0342","local_time":"20230108153418","is_ascension_mode":true,"campfire_choices":[{"data":"bad_silent:AdhesiveBandage","floor":7,"key":"SMITH"},{"data":"bad_silent:Swiftness","floor":10,"key":"SMITH"},{"floor":15,"key":"REST"}],"neow_cost":"NONE","seed_source_timestamp":604343623263700,"circlet_count":0,"master_deck":["AscendersBane","Strike_G","Strike_G","Strike_G","Defend_G","Survivor","Neutralize","bad_silent:Jump","bad_silent:AdhesiveBandage+1","Underhanded Strike","bad_silent:Swiftness+1","Masterful Stab","bad_silent:Trace","Dagger Throw","Acrobatics","bad_silent:Recall","bad_silent:AdhesiveBandage","bad_silent:Train","Acrobatics"],"relics":["Ring of the Snake","moreChoices:MoreCardChoices","NeowsBlessing","Bag of Preparation","Odd Mushroom","Mummified Hand","Ginger"],"potions_floor_usage":[6,8,16,16],"damage_taken":[{"damage":0,"enemies":"Jaw Worm","floor":1,"turns":1},{"damage":0,"enemies":"2 Louse","floor":2,"turns":1},{"damage":0,"enemies":"Cultist","floor":4,"turns":1},{"damage":11,"enemies":"Looter","floor":5,"turns":3},{"damage":21,"enemies":"Lagavulin","floor":6,"turns":5},{"damage":1,"enemies":"The Mushroom Lair","floor":8,"turns":4},{"damage":0,"enemies":"Gremlin Nob","floor":11,"turns":3},{"damage":0,"enemies":"Blue Slaver","floor":12,"turns":3},{"damage":14,"enemies":"Exordium Thugs","floor":13,"turns":4},{"damage":43,"enemies":"The Guardian","floor":16,"turns":12}],"seed_played":"-3196483955817492846","potions_obtained":[{"floor":2,"key":"Fire Potion"},{"floor":6,"key":"GamblersBrew"},{"floor":12,"key":"ColorlessPotion"},{"floor":13,"key":"Energy Potion"}],"is_trial":false,"path_per_floor":["M","M","?","M","M","E","R","?","T","R","E","M","M","$","R","B"],"character_chosen":"THE_SILENT","items_purchased":["bad_silent:Train","Acrobatics"],"campfire_rested":1,"item_purchase_floors":[14,14],"current_hp_per_floor":[63,63,63,63,52,31,31,30,30,30,30,30,16,16,37,0],"gold":61,"neow_bonus":"THREE_ENEMY_KILL","is_prod":false,"is_daily":false,"chose_seed":false,"campfire_upgraded":2,"win_rate":0,"timestamp":1673210058,"path_taken":["M","M","?","M","M","E","R","?","T","R","E","M","M","?","R","BOSS"],"build_version":"2022-12-18","purchased_purges":1,"victory":false,"max_hp_per_floor":[70,70,70,70,70,70,70,70,70,70,70,70,70,70,70,70],"card_choices":[{"not_picked":["Bane","bad_silent:Toxin","Dagger Throw","bad_silent:Mark"],"picked":"Underhanded Strike","floor":1},{"not_picked":["Blade Dance","Unload","Footwork","PiercingWail"],"picked":"bad_silent:Swiftness","floor":2},{"not_picked":["Outmaneuver","bad_silent:Trace","Underhanded Strike","Slice"],"picked":"Masterful Stab","floor":4},{"not_picked":["Caltrops","Slice","Outmaneuver","Deflect"],"picked":"bad_silent:Trace","floor":5},{"not_picked":["Endless Agony","Skewer","Bouncing Flask","Sucker Punch","bad_silent:AcidRain"],"picked":"SKIP","floor":6},{"not_picked":["Prepared","Phantasmal Killer","Deflect","Blade Dance"],"picked":"Dagger Throw","floor":8},{"not_picked":["Dagger Spray","Noxious Fumes","Choke","Crippling Poison"],"picked":"Acrobatics","floor":11},{"not_picked":["Backflip","Prepared","Slice","Backstab"],"picked":"bad_silent:Recall","floor":12},{"not_picked":["Dodge and Roll","Unload","bad_silent:Stopwatch","bad_silent:Sleight"],"picked":"bad_silent:AdhesiveBandage","floor":13}],"player_experience":985307,"relics_obtained":[{"floor":6,"key":"Bag of Preparation"},{"floor":8,"key":"Odd Mushroom"},{"floor":9,"key":"Mummified Hand"},{"floor":11,"key":"Ginger"}],"event_choices":[{"cards_removed":["Strike_G"],"damage_healed":0,"gold_gain":0,"player_choice":"Card Removal","damage_taken":0,"max_hp_gain":0,"max_hp_loss":0,"event_name":"The Cleric","floor":3,"gold_loss":50},{"damage_healed":0,"gold_gain":0,"player_choice":"Fought Mushrooms","damage_taken":0,"max_hp_gain":0,"max_hp_loss":0,"event_name":"Mushrooms","floor":8,"gold_loss":0}],"is_beta":false,"boss_relics":[],"items_purged_floors":[14],"is_endless":false,"potions_floor_spawned":[2,6,12,13],"killed_by":"The Guardian","ascension_level":10}