{"gold_per_floor":[109,120,134,134,146,178,195,195,195,221,221,252,90,105,105,205,205,223,238,198,198],"floor_reached":21,"playtime":992,"items_purged":["Strike_G"],"score":251,"play_id":"fb9453c9-2f20-48ce-9daf-f87d432ff644","local_time":"20230111223023","is_ascension_mode":false,"campfire_choices":[{"data":"Backflip","floor":8,"key":"SMITH"},{"floor":11,"key":"REST"},{"floor":15,"key":"REST"}],"neow_cost":"NONE","seed_source_timestamp":69740091633000,"circlet_count":0,"master_deck":["Strike_G","Strike_G","Strike_G","Defend_G","Defend_G","Defend_G","Defend_G","Survivor","Neutralize","StSpp:Dive","StSpp:PoisonousPunch","Eviscerate","Catalyst","Deadly Poison","Backflip+1","Malaise","Acrobatics","Well Laid Plans","Blade Dance","Deadly Poison","Envenom+1","Poisoned Stab","Calculated Gamble+1"],"relics":["moreChoices:MoreCardChoices","SacredBark","Singing Bowl","Bag of Preparation","StSpp:SailorCap","HornCleat","Bronze Scales","Empty Cage"],"potions_floor_usage":[6,6,10,11,12,12,12,16],"damage_taken":[{"damage":7,"enemies":"Cultist","floor":1,"turns":6},{"damage":6,"enemies":"2 Louse","floor":2,"turns":3},{"damage":2,"enemies":"Small Slimes","floor":3,"turns":5},{"damage":9,"enemies":"3 Louse","floor":5,"turns":4},{"damage":21,"enemies":"3 Sentries","floor":6,"turns":8},{"damage":4,"enemies":"Red Slaver","floor":7,"turns":3},{"damage":15,"enemies":"Lagavulin","floor":10,"turns":5},{"damage":5,"enemies":"3 Sentries","floor":12,"turns":6},{"damage":1,"enemies":"2 Fungi Beasts","floor":14,"turns":3},{"damage":0,"enemies":"Hexaghost","floor":16,"turns":5},{"damage":27,"enemies":"Chosen","floor":18,"turns":4},{"damage":34,"enemies":"2 Thieves","floor":19,"turns":4},{"damage":12,"enemies":"Sentry and Sphere","floor":21,"turns":4}],"seed_played":"-9113655421850291897","potions_obtained":[{"floor":3,"key":"LiquidMemories"},{"floor":5,"key":"Poison Potion"},{"floor":7,"key":"Swift Potion"},{"floor":10,"key":"EntropicBrew"},{"floor":12,"key":"SkillPotion"}],"is_trial":false,"path_per_floor":["M","M","M","T","M","E","M","R","T","E","R","E","$","M","R","B",null,"M","M","?","M"],"character_chosen":"THE_SILENT","items_purchased":["Well Laid Plans","Blade Dance"],"campfire_rested":2,"item_purchase_floors":[13,13],"current_hp_per_floor":[63,57,55,55,46,25,21,21,21,6,27,22,22,21,42,42,70,43,9,9,0],"gold":198,"neow_bonus":"BOSS_RELIC","is_prod":false,"is_daily":false,"chose_seed":false,"campfire_upgraded":1,"win_rate":0,"timestamp":1673494223,"path_taken":["M","M","M","?","M","E","M","R","T","E","R","E","$","?","R","BOSS","M","M","?","?"],"build_version":"2022-12-18","purchased_purges":1,"victory":false,"max_hp_per_floor":[70,70,70,70,70,70,70,70,70,70,70,70,70,70,70,70,70,70,70,70,70],"card_choices":[{"not_picked":["Sucker Punch","PiercingWail","Slice","Outmaneuver"],"picked":"StSpp:Dive","floor":1},{"not_picked":["Quick Slash","Underhanded Strike","Dash","Eviscerate"],"picked":"StSpp:PoisonousPunch","floor":2},{"not_picked":["Slice","Distraction","Terror","Masterful Stab"],"picked":"Eviscerate","floor":3},{"not_picked":["Choke","Outmaneuver","StSpp:PoisonousPunch","Acrobatics"],"picked":"Catalyst","floor":5},{"not_picked":["Prepared","Footwork","Catalyst","Venomology"],"picked":"Deadly Poison","floor":6},{"not_picked":["Blade Dance","Sucker Punch","StSpp:PoisonousPunch","Quick Slash"],"picked":"Backflip","floor":7},{"not_picked":["Leg Sweep","PiercingWail","Dagger Throw","Prepared"],"picked":"Malaise","floor":10},{"not_picked":["StSpp:Anticipation","Tactician","StSpp:Dive","Underhanded Strike"],"picked":"Acrobatics","floor":12},{"not_picked":["Sucker Punch","All Out Attack","Bullet Time","StSpp:Anticipation"],"picked":"Deadly Poison","floor":14},{"not_picked":["Phantasmal Killer","Adrenaline","Doppelganger","Bullet Time"],"picked":"Envenom","floor":16},{"not_picked":["Expertise+1","Sucker Punch","StSpp:Dive","StSpp:PoisonousPunch"],"picked":"Poisoned Stab","floor":18},{"not_picked":["Acrobatics","Corpse Explosion","Deflect","Bouncing Flask"],"picked":"Calculated Gamble+1","floor":19}],"player_experience":981926,"relics_obtained":[{"floor":4,"key":"Singing Bowl"},{"floor":6,"key":"Bag of Preparation"},{"floor":9,"key":"StSpp:SailorCap"},{"floor":10,"key":"HornCleat"},{"floor":12,"key":"Bronze Scales"}],"event_choices":[{"damage_healed":0,"gold_gain":0,"player_choice":"Upgrade","damage_taken":0,"max_hp_gain":0,"max_hp_loss":0,"event_name":"Designer","floor":20,"gold_loss":40,"cards_upgraded":["Envenom"]}],"is_beta":false,"boss_relics":[{"not_picked":["Ectoplasm","StSpp:CrystalBall"],"picked":"Empty Cage"}],"items_purged_floors":[13],"is_endless":false,"potions_floor_spawned":[3,5,7,10,12],"killed_by":"Sentry and Sphere","ascension_level":0}