{"gold_per_floor":[110,110,0,0,17,17,37,37,37,56,56,68,81,107,107,204,204,224,224,65,65,79,79,79],"floor_reached":24,"playtime":1147,"items_purged":["Enlightenment"],"score":196,"play_id":"939d1985-a3a3-45ff-a774-39f5db0c3576","local_time":"20230111183530","is_ascension_mode":false,"campfire_choices":[{"floor":6,"key":"REST"},{"data":"Prepared","floor":8,"key":"SMITH"},{"data":"Calculated Gamble","floor":11,"key":"SMITH"},{"floor":15,"key":"REST"},{"data":"Apotheosis","floor":23,"key":"SMITH"}],"neow_cost":"NONE","seed_source_timestamp":55491923322600,"circlet_count":0,"master_deck":["Strike_G","Strike_G","Defend_G","Defend_G","Survivor","Neutralize","bad_silent:Jump","bad_silent:AdhesiveBandage","bad_silent:Venomologist","Noxious Fumes","Tactician","bad_silent:Contemplate","bad_silent:AcidRain","Prepared+1","bad_spire:orbit","Calculated Gamble+1","Dagger Throw","Violence","bad_silent:MindGames","Dagger Throw","Unload","bad_spire:collect","Bane+1","Apotheosis+1","Leg Sweep","bad_silent:Trace","Footwork","Eviscerate"],"relics":["moreChoices:MoreCardChoices","Empty Cage","Regal Pillow","The Courier","Bronze Scales","Runic Pyramid","Turnip"],"potions_floor_usage":[7,12,14],"damage_taken":[{"damage":0,"enemies":"2 Louse","floor":1,"turns":5},{"damage":35,"enemies":"Cultist","floor":5,"turns":8},{"damage":3,"enemies":"Small Slimes","floor":7,"turns":3},{"damage":4,"enemies":"Red Slaver","floor":10,"turns":4},{"damage":12,"enemies":"Lots of Slimes","floor":12,"turns":4},{"damage":10,"enemies":"2 Fungi Beasts","floor":13,"turns":4},{"damage":17,"enemies":"Gremlin Nob","floor":14,"turns":4},{"damage":39,"enemies":"Slime Boss","floor":16,"turns":9},{"damage":19,"enemies":"2 Thieves","floor":18,"turns":3},{"damage":10,"enemies":"Chosen","floor":22,"turns":4},{"damage":43,"enemies":"Slavers","floor":24,"turns":2}],"seed_played":"-8583918513002696772","potions_obtained":[{"floor":5,"key":"GamblersBrew"},{"floor":10,"key":"Block Potion"},{"floor":13,"key":"Energy Potion"}],"is_trial":false,"path_per_floor":["M","?","$","?","M","R","M","R","T","M","R","M","M","E","R","B",null,"M","T","$","?","M","R","E"],"character_chosen":"THE_SILENT","items_purchased":["Noxious Fumes","Tactician","Leg Sweep","bad_silent:Trace"],"campfire_rested":2,"item_purchase_floors":[3,3,20,20],"current_hp_per_floor":[70,52,52,52,17,53,50,50,50,46,46,34,24,7,43,4,70,51,51,51,51,41,41,0],"gold":79,"neow_bonus":"BOSS_RELIC","is_prod":false,"is_daily":false,"chose_seed":false,"campfire_upgraded":3,"win_rate":0,"timestamp":1673480130,"path_taken":["M","?","$","?","M","R","M","R","T","M","R","M","M","E","R","BOSS","M","?","$","?","?","R","E"],"build_version":"2022-12-18","purchased_purges":1,"victory":false,"max_hp_per_floor":[70,70,70,70,70,70,70,70,70,70,70,70,70,70,70,70,70,70,70,70,70,70,70,70],"card_choices":[{"not_picked":["bad_silent:Jump","Blade Dance","Reflex","Flechettes"],"picked":"bad_silent:Venomologist","floor":1},{"not_picked":["Blade Dance","bad_silent:Jump","Quick Slash","bad_silent:Stopwatch"],"picked":"bad_silent:AcidRain","floor":5},{"not_picked":["Phantasmal Killer","All Out Attack","bad_silent:Recall","bad_silent:Clarity"],"picked":"Prepared","floor":7},{"not_picked":["bad_spire:bomb","bad_spire:king","bad_spire:chance","Dark Shackles"],"picked":"bad_spire:orbit","floor":7},{"not_picked":["Quick Slash","Sucker Punch","Flechettes","bad_silent:Evade"],"picked":"Calculated Gamble","floor":10},{"not_picked":["Sucker Punch","Finisher","Poisoned Stab","Bane"],"picked":"Dagger Throw","floor":12},{"not_picked":["Panacea","Forethought","bad_spire:gastrulation","bad_spire:spring"],"picked":"Violence","floor":12},{"not_picked":["Choke","Dagger Throw","bad_silent:Scavenge","bad_silent:Juggle"],"picked":"bad_silent:MindGames","floor":13},{"not_picked":["Caltrops","bad_silent:Shuffle","bad_silent:Roll","Prepared"],"picked":"Dagger Throw","floor":14},{"not_picked":["Envenom","bad_silent:Contemplate","Wraith Form v2","bad_silent:Entomb"],"picked":"Unload","floor":16},{"not_picked":["Good Instincts","bad_spire:mirror","bad_spire:disleg","bad_spire:deadweight"],"picked":"bad_spire:collect","floor":16},{"not_picked":["Deadly Poison","Dagger Throw","Infinite Blades","bad_silent:Mark"],"picked":"Bane+1","floor":18},{"not_picked":["bad_spire:backthought","Mayhem","Trip","Metamorphosis"],"picked":"Apotheosis","floor":18},{"not_picked":["Dagger Spray","All Out Attack","Deadly Poison","bad_silent:Scavenge"],"picked":"Eviscerate","floor":22}],"player_experience":977538,"relics_obtained":[{"floor":9,"key":"The Courier"},{"floor":14,"key":"Bronze Scales"},{"floor":19,"key":"Turnip"}],"event_choices":[{"damage_healed":0,"gold_gain":0,"player_choice":"Relic ","damage_taken":18,"max_hp_gain":0,"max_hp_loss":0,"event_name":"betterThird:BetterScrap","floor":2,"gold_loss":0,"cards_obtained":["Tempest"]},{"damage_healed":0,"gold_gain":0,"player_choice":"2 cards matched","damage_taken":0,"max_hp_gain":0,"max_hp_loss":0,"event_name":"Match and Keep!","floor":4,"gold_loss":0,"cards_obtained":["Enlightenment","bad_silent:Contemplate"]},{"cards_removed":["Apotheosis"],"damage_healed":0,"gold_gain":0,"player_choice":"Take \u0026 Give","damage_taken":0,"max_hp_gain":0,"max_hp_loss":0,"event_name":"betterNote:BetterNote","floor":21,"gold_loss":0,"cards_obtained":["Footwork"]}],"is_beta":false,"boss_relics":[{"not_picked":["Busted Crown","Philosopher\u0027s Stone"],"picked":"Runic Pyramid"}],"items_purged_floors":[20],"is_endless":false,"potions_floor_spawned":[5,10,13],"killed_by":"Slavers","ascension_level":0}