{"gold_per_floor":[116,41,53,53,128,128,142,142],"floor_reached":8,"playtime":566,"items_purged":[],"score":92,"play_id":"935721ac-2688-4a1e-b5ce-47c6d3bb79d3","local_time":"20230108151736","is_ascension_mode":true,"campfire_choices":[{"floor":6,"key":"REST"}],"neow_cost":"","seed_source_timestamp":603761432890100,"circlet_count":0,"master_deck":["AscendersBane","Strike_G","Strike_G","Strike_G","Strike_G","Defend_G","Survivor","Neutralize","bad_silent:Jump","bad_silent:AdhesiveBandage","bad_silent:AdhesiveBandage","bad_silent:Trace","bad_silent:Juggle","Noxious Fumes","All Out Attack","bad_silent:Jump"],"relics":["Ring of the Snake","moreChoices:MoreCardChoices"],"potions_floor_usage":[],"damage_taken":[{"damage":7,"enemies":"Jaw Worm","floor":1,"turns":4},{"damage":6,"enemies":"Small Slimes","floor":3,"turns":5},{"damage":4,"enemies":"Cultist","floor":7,"turns":4},{"damage":65,"enemies":"Gremlin Nob","floor":8,"turns":4}],"seed_played":"-4740834058236527934","potions_obtained":[{"floor":1,"key":"LiquidMemories"}],"is_trial":false,"path_per_floor":["M","$","M","?","?","R","M","E"],"character_chosen":"THE_SILENT","items_purchased":["bad_silent:AdhesiveBandage","bad_silent:Trace","Noxious Fumes"],"campfire_rested":1,"item_purchase_floors":[0,0,2],"current_hp_per_floor":[52,52,46,39,28,47,43,0],"gold":142,"neow_bonus":"","is_prod":false,"is_daily":false,"chose_seed":false,"campfire_upgraded":0,"win_rate":0,"timestamp":1673209056,"path_taken":["M","$","M","?","?","R","M","E"],"build_version":"2022-12-18","purchased_purges":0,"victory":false,"max_hp_per_floor":[66,66,66,66,66,66,66,66],"card_choices":[{"not_picked":["bad_silent:Trace","PiercingWail","bad_silent:Scavenge","bad_silent:AdhesiveBandage"],"picked":"bad_silent:Juggle","floor":1},{"not_picked":["bad_silent:Jump","bad_silent:Stopwatch","bad_silent:Roll","bad_silent:Blink"],"picked":"All Out Attack","floor":3},{"not_picked":["Riddle With Holes","bad_silent:Clarity","Prepared","Endless Agony"],"picked":"bad_silent:Jump","floor":7}],"player_experience":984741,"relics_obtained":[],"event_choices":[{"cards_removed":["Defend_G"],"damage_healed":0,"gold_gain":0,"player_choice":"Card Removal","damage_taken":7,"max_hp_gain":0,"max_hp_loss":0,"event_name":"Golden Wing","floor":4,"gold_loss":0},{"damage_healed":0,"gold_gain":75,"player_choice":"Gold","damage_taken":11,"max_hp_gain":0,"max_hp_loss":0,"event_name":"betterThird:BetterGoop","floor":5,"gold_loss":0}],"is_beta":false,"boss_relics":[],"items_purged_floors":[],"is_endless":false,"potions_floor_spawned":[1],"killed_by":"Gremlin Nob","ascension_level":20}