{"gold_per_floor":[112,112,130,130,144,144,144],"floor_reached":7,"playtime":354,"items_purged":["Defend_G"],"score":62,"play_id":"466a38fd-9a93-48bb-a841-316e1956d5b5","local_time":"20230108154022","is_ascension_mode":true,"campfire_choices":[{"data":"Buffer","floor":6,"key":"SMITH"}],"neow_cost":"","seed_source_timestamp":605342077268000,"circlet_count":0,"master_deck":["AscendersBane","Strike_G","Strike_G","Strike_G","Strike_G","Defend_G","Survivor","Neutralize","bad_silent:Jump","bad_silent:AdhesiveBandage","bad_silent:Roll","Masterful Stab","Reflex","Tactician","bad_silent:Swiftness","Leg Sweep","Buffer+1","Seek"],"relics":["Ring of the Snake","moreChoices:MoreCardChoices"],"potions_floor_usage":[],"damage_taken":[{"damage":0,"enemies":"Small Slimes","floor":1,"turns":4},{"damage":8,"enemies":"2 Louse","floor":3,"turns":3},{"damage":0,"enemies":"Jaw Worm","floor":5,"turns":3},{"damage":20,"enemies":"3 Sentries","floor":7,"turns":5}],"seed_played":"8517549750096772242","potions_obtained":[{"floor":3,"key":"DuplicationPotion"},{"floor":5,"key":"Weak Potion"}],"is_trial":false,"path_per_floor":["M","?","M","?","M","R","E"],"character_chosen":"THE_SILENT","items_purchased":["bad_silent:Roll","Masterful Stab"],"campfire_rested":0,"item_purchase_floors":[0,0],"current_hp_per_floor":[59,59,51,34,34,34,14],"gold":144,"neow_bonus":"","is_prod":false,"is_daily":false,"chose_seed":false,"campfire_upgraded":1,"win_rate":0,"timestamp":1673210422,"path_taken":["M","?","M","?","M","R","E"],"build_version":"2022-12-18","purchased_purges":1,"victory":false,"max_hp_per_floor":[70,70,70,70,70,70,70],"card_choices":[{"not_picked":["All Out Attack","Outmaneuver","Predator","Endless Agony"],"picked":"Reflex","floor":1},{"not_picked":["bad_silent:AdhesiveBandage","Decay","Pain","Injury"],"picked":"Tactician","floor":2},{"not_picked":["Reflex","Regret","bad_silent:Phantom","bad_silent:Shuffle"],"picked":"bad_silent:Swiftness","floor":2},{"not_picked":["Bullet Time","Catalyst","Bane","Sucker Punch"],"picked":"Leg Sweep","floor":3},{"not_picked":["All Out Attack","Quick Slash","Bane","Dagger Spray","Escape Plan"],"picked":"SKIP","floor":5}],"player_experience":986293,"relics_obtained":[],"event_choices":[{"damage_healed":0,"gold_gain":1,"player_choice":"Card Card ","damage_taken":17,"max_hp_gain":0,"max_hp_loss":0,"event_name":"betterThird:BetterScrap","floor":4,"gold_loss":0,"cards_obtained":["Buffer","Seek"]}],"is_beta":false,"boss_relics":[],"items_purged_floors":[0],"is_endless":false,"potions_floor_spawned":[3,5],"killed_by":"3 Sentries","ascension_level":10}