{"gold_per_floor":[109,120,120,136,150,150,150,150,196,228,228,255,255,73,73,73],"floor_reached":16,"playtime":592,"items_purged":[],"score":216,"play_id":"826feb85-e560-4367-b501-14c3d00e0540","local_time":"20230125131719","is_ascension_mode":true,"campfire_choices":[{"data":"Defend_G","floor":6,"key":"SMITH"},{"floor":8,"key":"REST"},{"data":"Defend_G","floor":11,"key":"SMITH"},{"data":"Setup","floor":15,"key":"SMITH"}],"neow_cost":"NONE","seed_source_timestamp":40281162060600,"circlet_count":0,"master_deck":["AscendersBane","Strike_G","Strike_G+1","Strike_G","Strike_G+1","Defend_G+1","Defend_G+1","Defend_G","Defend_G","Defend_G+1","Survivor","Neutralize","All Out Attack","Footwork","Underhanded Strike","PanicButton","Setup+1"],"relics":["Ring of the Snake","NeowsBlessing","Boot","Vajra","Oddly Smooth Stone"],"potions_floor_usage":[10,12,12],"damage_taken":[{"damage":0,"enemies":"2 Louse","floor":1,"turns":2},{"damage":0,"enemies":"Cultist","floor":2,"turns":1},{"damage":0,"enemies":"Jaw Worm","floor":4,"turns":1},{"damage":5,"enemies":"3 Louse","floor":5,"turns":4},{"damage":9,"enemies":"3 Sentries","floor":10,"turns":8},{"damage":12,"enemies":"Lagavulin","floor":12,"turns":9},{"damage":41,"enemies":"Slime Boss","floor":16,"turns":7}],"seed_played":"4100086204427443843","potions_obtained":[{"floor":4,"key":"Weak Potion"},{"floor":5,"key":"Fire Potion"},{"floor":10,"key":"ColorlessPotion"}],"is_trial":false,"path_per_floor":["M","M","?","M","M","R","?","R","T","E","R","E","?","$","R","B"],"character_chosen":"THE_SILENT","items_purchased":["PanicButton","Setup"],"campfire_rested":1,"item_purchase_floors":[14,14],"current_hp_per_floor":[59,59,59,59,54,54,34,53,53,44,44,32,32,32,32,0],"gold":73,"neow_bonus":"THREE_ENEMY_KILL","is_prod":false,"is_daily":false,"chose_seed":false,"campfire_upgraded":3,"win_rate":0,"timestamp":1674670639,"path_taken":["M","M","?","M","?","R","?","R","T","E","R","E","?","$","R","BOSS"],"build_version":"2022-12-18","purchased_purges":0,"victory":false,"max_hp_per_floor":[66,66,66,66,66,66,66,66,66,66,66,66,66,66,66,66],"card_choices":[{"not_picked":["Backflip","Flechettes","Acrobatics"],"picked":"SKIP","floor":1},{"not_picked":["Well Laid Plans","Cloak And Dagger","Concentrate"],"picked":"SKIP","floor":2},{"not_picked":["Reflex","Calculated Gamble"],"picked":"All Out Attack","floor":4},{"not_picked":["Dagger Spray","Bouncing Flask","Outmaneuver"],"picked":"SKIP","floor":5},{"not_picked":["Caltrops","Deflect"],"picked":"Footwork","floor":10},{"not_picked":["Dagger Spray","Blade Dance"],"picked":"Underhanded Strike","floor":12}],"player_experience":1158675,"relics_obtained":[{"floor":9,"key":"Boot"},{"floor":10,"key":"Vajra"},{"floor":12,"key":"Oddly Smooth Stone"}],"event_choices":[{"cards_removed":["Strike_G"],"damage_healed":0,"gold_gain":0,"player_choice":"Purged","damage_taken":0,"max_hp_gain":0,"max_hp_loss":0,"event_name":"Purifier","floor":3,"gold_loss":0},{"damage_healed":0,"gold_gain":0,"player_choice":"Entered Light","damage_taken":20,"max_hp_gain":0,"max_hp_loss":0,"event_name":"Shining Light","floor":7,"gold_loss":0,"cards_upgraded":["Strike_G","Strike_G"]},{"damage_healed":0,"gold_gain":0,"player_choice":"Upgraded","damage_taken":0,"max_hp_gain":0,"max_hp_loss":0,"event_name":"Upgrade Shrine","floor":13,"gold_loss":0,"cards_upgraded":["Defend_G"]}],"is_beta":false,"boss_relics":[],"items_purged_floors":[],"is_endless":false,"potions_floor_spawned":[4,5,10],"killed_by":"Slime Boss","ascension_level":20}