{"gold_per_floor":[109,123,123,23,23,23,53,53,53,53],"floor_reached":10,"playtime":362,"items_purged":[],"score":128,"play_id":"2ccf2379-c140-418c-b43e-dff0f0002c98","local_time":"20230125215525","is_ascension_mode":true,"campfire_choices":[{"data":"Neutralize","floor":6,"key":"SMITH"},{"floor":8,"key":"REST"}],"neow_cost":"NONE","seed_source_timestamp":71595794421200,"circlet_count":0,"master_deck":["AscendersBane","Strike_G","Strike_G","Strike_G","Strike_G","Strike_G","Defend_G","Defend_G","Defend_G","Defend_G","Defend_G","Survivor","Neutralize+1","Poisoned Stab","Dagger Throw","Trip"],"relics":["Ring of the Snake","Toxic Egg 2","The Courier"],"potions_floor_usage":[],"damage_taken":[{"damage":1,"enemies":"Small Slimes","floor":1,"turns":4},{"damage":6,"enemies":"Jaw Worm","floor":2,"turns":6},{"damage":55,"enemies":"Lagavulin","floor":7,"turns":8},{"damage":0,"enemies":"3 Sentries","floor":10,"turns":1}],"seed_played":"-2360526863721111677","potions_obtained":[],"is_trial":false,"path_per_floor":["M","M","?","$","?","R","E","R","T","?"],"character_chosen":"THE_SILENT","items_purchased":["Trip"],"campfire_rested":1,"item_purchase_floors":[4],"current_hp_per_floor":[58,52,57,57,57,57,2,23,23,23],"gold":53,"neow_bonus":"THREE_CARDS","is_prod":false,"is_daily":false,"chose_seed":false,"campfire_upgraded":1,"win_rate":0,"timestamp":1674701725,"path_taken":["M","M","?","$","?","R","E","R","T","?"],"build_version":"2022-12-18","purchased_purges":0,"victory":false,"max_hp_per_floor":[66,66,71,71,71,71,71,71,71,71],"card_choices":[{"not_picked":["Dagger Spray","Flying Knee"],"picked":"Poisoned Stab","floor":0},{"not_picked":["Dagger Spray","PiercingWail","Blade Dance"],"picked":"SKIP","floor":1},{"not_picked":["Flying Knee","Riddle With Holes"],"picked":"Dagger Throw","floor":2},{"not_picked":["Choke","Blur+1","Deadly Poison+1"],"picked":"SKIP","floor":7}],"player_experience":1162244,"relics_obtained":[{"floor":7,"key":"Toxic Egg 2"},{"floor":9,"key":"The Courier"}],"event_choices":[{"damage_healed":0,"gold_gain":0,"player_choice":"Donut","damage_taken":0,"max_hp_gain":5,"max_hp_loss":0,"event_name":"Big Fish","floor":3,"gold_loss":0},{"damage_healed":0,"gold_gain":0,"player_choice":"Ignored","damage_taken":0,"max_hp_gain":0,"max_hp_loss":0,"event_name":"Liars Game","floor":5,"gold_loss":0},{"damage_healed":0,"gold_gain":0,"player_choice":"Searched \u00271\u0027 times","damage_taken":0,"max_hp_gain":0,"max_hp_loss":0,"event_name":"Dead Adventurer","floor":10,"gold_loss":0}],"is_beta":false,"boss_relics":[],"items_purged_floors":[],"is_endless":false,"potions_floor_spawned":[],"killed_by":"3 Sentries","ascension_level":20}