{"gold_per_floor":[114,134,134,59,59,84,84,84,84,103,114,114,132,151,151,151],"floor_reached":16,"playtime":584,"items_purged":[],"score":254,"play_id":"d8e3e6d0-5dbf-48e0-9390-891c5ba1f204","local_time":"20230125134220","is_ascension_mode":true,"campfire_choices":[{"floor":8,"key":"REST"},{"data":"Defend_G","floor":15,"key":"SMITH"}],"neow_cost":"NONE","seed_source_timestamp":41790259156900,"circlet_count":0,"master_deck":["AscendersBane","Strike_G","Strike_G","Strike_G","Strike_G","Defend_G","Defend_G","Defend_G","Defend_G+1","Defend_G+1","Survivor","Neutralize+1","All Out Attack","Backflip","Footwork"],"relics":["Ring of the Snake","NeowsBlessing","The Courier","Mercury Hourglass","Pantograph"],"potions_floor_usage":[11,16,16],"damage_taken":[{"damage":0,"enemies":"Small Slimes","floor":1,"turns":1},{"damage":0,"enemies":"2 Louse","floor":2,"turns":1},{"damage":0,"enemies":"3 Sentries","floor":6,"turns":1},{"damage":1,"enemies":"Jaw Worm","floor":10,"turns":7},{"damage":3,"enemies":"Large Slime","floor":11,"turns":5},{"damage":0,"enemies":"Blue Slaver","floor":13,"turns":4},{"damage":0,"enemies":"Gremlin Gang","floor":14,"turns":3},{"damage":68,"enemies":"Slime Boss","floor":16,"turns":12}],"seed_played":"-8904626618052095112","potions_obtained":[{"floor":2,"key":"AttackPotion"},{"floor":11,"key":"Dexterity Potion"},{"floor":14,"key":"BlessingOfTheForge"}],"is_trial":false,"path_per_floor":["M","M","?","?","$","E","?","R","T","M","M","?","M","M","R","B"],"character_chosen":"THE_SILENT","items_purchased":[],"campfire_rested":1,"item_purchase_floors":[],"current_hp_per_floor":[59,59,48,48,48,48,28,47,47,46,43,65,65,65,65,0],"gold":151,"neow_bonus":"THREE_ENEMY_KILL","is_prod":false,"is_daily":false,"chose_seed":false,"campfire_upgraded":1,"win_rate":0,"timestamp":1674672140,"path_taken":["M","M","?","?","$","E","?","R","T","M","M","?","?","M","R","BOSS"],"build_version":"2022-12-18","purchased_purges":0,"victory":false,"max_hp_per_floor":[66,66,66,66,66,66,66,66,66,66,66,66,66,66,66,66],"card_choices":[{"not_picked":["Dagger Throw","Dagger Spray","Cloak And Dagger"],"picked":"SKIP","floor":1},{"not_picked":["Slice","Concentrate","Bane"],"picked":"SKIP","floor":2},{"not_picked":["Endless Agony","Distraction","Malaise"],"picked":"SKIP","floor":6},{"not_picked":["Poisoned Stab","Reflex"],"picked":"All Out Attack","floor":10},{"not_picked":["Eviscerate","Terror"],"picked":"Backflip","floor":11},{"not_picked":["Dash","Dagger Throw","Bane"],"picked":"SKIP","floor":13},{"not_picked":["PiercingWail","Backstab"],"picked":"Footwork","floor":14}],"player_experience":1159932,"relics_obtained":[{"floor":6,"key":"Mercury Hourglass"},{"floor":9,"key":"Pantograph"}],"event_choices":[{"damage_healed":0,"gold_gain":0,"player_choice":"Success","damage_taken":11,"relics_obtained":["The Courier"],"max_hp_gain":0,"max_hp_loss":0,"event_name":"Scrap Ooze","floor":3,"gold_loss":0},{"cards_removed":["Strike_G"],"damage_healed":0,"gold_gain":0,"player_choice":"Card Removal","damage_taken":0,"max_hp_gain":0,"max_hp_loss":0,"event_name":"The Cleric","floor":4,"gold_loss":75},{"damage_healed":0,"gold_gain":0,"player_choice":"Entered Light","damage_taken":20,"max_hp_gain":0,"max_hp_loss":0,"event_name":"Shining Light","floor":7,"gold_loss":0,"cards_upgraded":["Defend_G","Neutralize"]},{"damage_healed":22,"gold_gain":0,"player_choice":"Banana","damage_taken":0,"max_hp_gain":0,"max_hp_loss":0,"event_name":"Big Fish","floor":12,"gold_loss":0}],"is_beta":false,"boss_relics":[],"items_purged_floors":[],"is_endless":false,"potions_floor_spawned":[2,11,14],"killed_by":"Slime Boss","ascension_level":20}