{"gold_per_floor":[111,55,55,71,89,122,139,158,158,158],"floor_reached":10,"playtime":249,"items_purged":[],"score":140,"play_id":"ca07d977-34b7-4d82-a4ac-fa8f3472f4ba","local_time":"20230125013216","is_ascension_mode":true,"campfire_choices":[],"neow_cost":"NONE","seed_source_timestamp":107578678575200,"circlet_count":0,"master_deck":["AscendersBane","Strike_G","Strike_G","Strike_G","Strike_G","Strike_G","Defend_G","Defend_G","Defend_G","Defend_G","Defend_G","Survivor","Neutralize","Reflex","Dagger Throw","Bouncing Flask","Noxious Fumes","Dash","All Out Attack","Leg Sweep"],"relics":["Ring of the Snake","NeowsBlessing","MealTicket","Unceasing Top"],"potions_floor_usage":[7,8,10],"damage_taken":[{"damage":0,"enemies":"2 Louse","floor":1,"turns":1},{"damage":0,"enemies":"Small Slimes","floor":4,"turns":1},{"damage":0,"enemies":"Jaw Worm","floor":5,"turns":1},{"damage":45,"enemies":"Lagavulin","floor":6,"turns":9},{"damage":11,"enemies":"2 Fungi Beasts","floor":7,"turns":4},{"damage":0,"enemies":"3 Louse","floor":8,"turns":3},{"damage":13,"enemies":"Blue Slaver","floor":10,"turns":1}],"seed_played":"6320688759506193859","potions_obtained":[{"floor":5,"key":"Energy Potion"},{"floor":6,"key":"Energy Potion"},{"floor":7,"key":"ColorlessPotion"}],"is_trial":false,"path_per_floor":["M","$","?","M","M","E","M","M","T","M"],"character_chosen":"THE_SILENT","items_purchased":["Dagger Throw"],"campfire_rested":0,"item_purchase_floors":[2],"current_hp_per_floor":[59,59,59,59,59,14,3,3,3,0],"gold":158,"neow_bonus":"THREE_ENEMY_KILL","is_prod":false,"is_daily":false,"chose_seed":false,"campfire_upgraded":0,"win_rate":0,"timestamp":1674628336,"path_taken":["M","$","?","M","M","E","M","M","T","M"],"build_version":"2022-12-18","purchased_purges":0,"victory":false,"max_hp_per_floor":[66,66,66,66,66,66,66,66,66,66],"card_choices":[{"not_picked":["Flying Knee","Deflect"],"picked":"Reflex","floor":1},{"not_picked":["Well Laid Plans","Acrobatics"],"picked":"Bouncing Flask","floor":4},{"not_picked":["Sucker Punch","Dagger Spray"],"picked":"Noxious Fumes","floor":5},{"not_picked":["Slice","Blur"],"picked":"Dash","floor":6},{"not_picked":["Acrobatics","Cloak And Dagger"],"picked":"All Out Attack","floor":7},{"not_picked":["Acrobatics","Well Laid Plans"],"picked":"Leg Sweep","floor":8}],"player_experience":1156925,"relics_obtained":[{"floor":6,"key":"MealTicket"},{"floor":9,"key":"Unceasing Top"}],"event_choices":[{"damage_healed":0,"gold_gain":0,"player_choice":"Leave","damage_taken":0,"max_hp_gain":0,"max_hp_loss":0,"event_name":"The Cleric","floor":3,"gold_loss":0}],"is_beta":false,"boss_relics":[],"items_purged_floors":[],"is_endless":false,"potions_floor_spawned":[5,6,7],"killed_by":"Blue Slaver","ascension_level":20}