{"gold_per_floor":[118,40,5,25,25,25,25,36,36,55,55,3,32,51,51,51],"floor_reached":16,"playtime":659,"items_purged":[],"score":150,"play_id":"222413db-5eab-4a84-9779-900ff1af1327","local_time":"20230121125722","is_ascension_mode":true,"campfire_choices":[{"data":"Leg Sweep","floor":11,"key":"SMITH"},{"data":"Neutralize","floor":15,"key":"SMITH"}],"neow_cost":"NONE","seed_source_timestamp":251361035256100,"circlet_count":0,"master_deck":["AscendersBane","Strike_G","Strike_G","Strike_G","Strike_G","Defend_G","Defend_G","Defend_G+1","Defend_G","Defend_G+1","Survivor","Neutralize+1","Blade Dance","Finisher+1","Dagger Spray","Leg Sweep+1","Dash","Slice","Backstab","Blur"],"relics":["Ring of the Snake","Tiny Chest","Tough Bandages","Pear","Calipers"],"potions_floor_usage":[13,16,16,16],"damage_taken":[{"damage":0,"enemies":"2 Louse","floor":1,"turns":4},{"damage":0,"enemies":"Cultist","floor":4,"turns":4},{"damage":0,"enemies":"Small Slimes","floor":8,"turns":4},{"damage":0,"enemies":"Red Slaver","floor":10,"turns":3},{"damage":1,"enemies":"Lagavulin","floor":13,"turns":3},{"damage":6,"enemies":"Lots of Slimes","floor":14,"turns":3},{"damage":61,"enemies":"Slime Boss","floor":16,"turns":14}],"seed_played":"-7575081267653072553","potions_obtained":[{"floor":1,"key":"SpeedPotion"},{"floor":4,"key":"CunningPotion"},{"floor":13,"key":"SkillPotion"},{"floor":14,"key":"Weak Potion"}],"is_trial":false,"path_per_floor":["M","?","$","M","?","?","T","M","T","M","R","$","E","M","R","B"],"character_chosen":"THE_SILENT","items_purchased":["Finisher","Slice"],"campfire_rested":0,"item_purchase_floors":[3,12],"current_hp_per_floor":[63,63,63,63,49,49,49,49,59,59,59,59,58,52,52,0],"gold":51,"neow_bonus":"REMOVE_CARD","is_prod":false,"is_daily":false,"chose_seed":false,"campfire_upgraded":2,"win_rate":0,"timestamp":1674323842,"path_taken":["M","?","?","M","?","?","?","M","T","?","R","$","E","M","R","BOSS"],"build_version":"2022-12-18","purchased_purges":0,"victory":false,"max_hp_per_floor":[70,70,70,70,70,70,70,70,80,80,80,80,80,80,80,80],"card_choices":[{"not_picked":["Riddle With Holes","Outmaneuver"],"picked":"Blade Dance","floor":1},{"not_picked":["Heel Hook","Blur"],"picked":"Dagger Spray","floor":4},{"not_picked":["Caltrops","Dodge and Roll"],"picked":"Leg Sweep","floor":8},{"not_picked":["Choke","Catalyst"],"picked":"Dash","floor":10},{"not_picked":["Flying Knee","Tactician"],"picked":"Backstab","floor":13},{"not_picked":["Sucker Punch","Quick Slash"],"picked":"Blur","floor":14}],"player_experience":1131474,"relics_obtained":[{"floor":7,"key":"Tough Bandages"},{"floor":9,"key":"Pear"},{"floor":13,"key":"Calipers"}],"event_choices":[{"damage_healed":0,"gold_gain":0,"player_choice":"Paid Gold","damage_taken":0,"relics_obtained":["Tiny Chest"],"max_hp_gain":0,"max_hp_loss":0,"event_name":"WeMeetAgain","floor":2,"gold_loss":78},{"damage_healed":0,"gold_gain":0,"player_choice":"Entered Light","damage_taken":14,"max_hp_gain":0,"max_hp_loss":0,"event_name":"Shining Light","floor":5,"gold_loss":0,"cards_upgraded":["Defend_G","Defend_G"]},{"damage_healed":0,"gold_gain":0,"player_choice":"Upgraded","damage_taken":0,"max_hp_gain":0,"max_hp_loss":0,"event_name":"Upgrade Shrine","floor":6,"gold_loss":0,"cards_upgraded":["Finisher"]}],"is_beta":false,"boss_relics":[],"items_purged_floors":[],"is_endless":false,"potions_floor_spawned":[1,4,13,14],"killed_by":"Slime Boss","ascension_level":10}