{"gold_per_floor":[111,122,122,21,35,35,68,68,68,68,81,100,132,150,150,247,247,257,270,287,306,306,306,306],"floor_reached":24,"playtime":1177,"items_purged":["Defend_G"],"score":315,"play_id":"ece06256-c894-45ba-b2f1-7f652f5e3240","local_time":"20230121131716","is_ascension_mode":true,"campfire_choices":[{"data":"Glass Knife","floor":6,"key":"SMITH"},{"data":"Cloak And Dagger","floor":8,"key":"SMITH"},{"data":"Crippling Poison","floor":10,"key":"SMITH"},{"floor":15,"key":"REST"},{"floor":23,"key":"REST"}],"neow_cost":"NONE","seed_source_timestamp":252036918760500,"circlet_count":0,"master_deck":["AscendersBane","Strike_G","Strike_G","Strike_G","Strike_G","Defend_G","Defend_G","Defend_G","Defend_G","Survivor","Neutralize","Glass Knife+1","Calculated Gamble","Crippling Poison+1","Dagger Spray","Blade Dance","Cloak And Dagger+1","Footwork","Blade Dance","Terror","PiercingWail","Phantasmal Killer","Prepared+1","Underhanded Strike","Choke","Reflex","Prepared+1"],"relics":["Ring of the Snake","Eternal Feather","Regal Pillow","Tiny Chest","HoveringKite"],"potions_floor_usage":[7,13,16,20,21,21],"damage_taken":[{"damage":0,"enemies":"2 Louse","floor":1,"turns":3},{"damage":0,"enemies":"Cultist","floor":2,"turns":4},{"damage":0,"enemies":"Jaw Worm","floor":5,"turns":4},{"damage":17,"enemies":"3 Sentries","floor":7,"turns":6},{"damage":14,"enemies":"Large Slime","floor":11,"turns":4},{"damage":0,"enemies":"Gremlin Gang","floor":12,"turns":4},{"damage":13,"enemies":"Gremlin Nob","floor":13,"turns":3},{"damage":10,"enemies":"Exordium Wildlife","floor":14,"turns":5},{"damage":35,"enemies":"Hexaghost","floor":16,"turns":11},{"damage":14,"enemies":"2 Thieves","floor":18,"turns":3},{"damage":0,"enemies":"3 Byrds","floor":19,"turns":4},{"damage":3,"enemies":"Centurion and Healer","floor":20,"turns":6},{"damage":33,"enemies":"Shelled Parasite and Fungi","floor":21,"turns":6},{"damage":68,"enemies":"Book of Stabbing","floor":24,"turns":5}],"seed_played":"-2414094021223319167","potions_obtained":[{"floor":1,"key":"DistilledChaos"},{"floor":7,"key":"Strength Potion"},{"floor":13,"key":"GhostInAJar"},{"floor":16,"key":"BlessingOfTheForge"},{"floor":19,"key":"FearPotion"},{"floor":20,"key":"Weak Potion"}],"is_trial":false,"path_per_floor":["M","M","?","$","M","R","E","R","T","R","M","M","E","M","R","B",null,"M","M","M","M","?","R","E"],"character_chosen":"THE_SILENT","items_purchased":["Dagger Spray"],"campfire_rested":2,"item_purchase_floors":[4],"current_hp_per_floor":[63,63,63,63,63,63,46,55,55,64,50,50,37,27,70,35,61,47,47,44,11,11,62,0],"gold":306,"neow_bonus":"ONE_RANDOM_RARE_CARD","is_prod":false,"is_daily":false,"chose_seed":false,"campfire_upgraded":3,"win_rate":0,"timestamp":1674325036,"path_taken":["M","M","?","$","?","R","E","R","T","R","M","M","E","M","R","BOSS","M","M","M","M","?","R","E"],"build_version":"2022-12-18","purchased_purges":1,"victory":false,"max_hp_per_floor":[70,70,70,70,70,70,70,70,70,70,70,70,70,70,70,70,70,70,70,70,70,70,70,70],"card_choices":[{"not_picked":["Outmaneuver","Deadly Poison"],"picked":"Calculated Gamble","floor":1},{"not_picked":["Blur","PiercingWail"],"picked":"Crippling Poison","floor":2},{"not_picked":["Bane","Prepared"],"picked":"Blade Dance","floor":5},{"not_picked":["Skewer","Bouncing Flask"],"picked":"Cloak And Dagger","floor":7},{"not_picked":["Concentrate","Calculated Gamble"],"picked":"Footwork","floor":11},{"not_picked":["Dagger Spray","Prepared"],"picked":"Blade Dance","floor":12},{"not_picked":["Malaise","Prepared"],"picked":"Terror","floor":13},{"not_picked":["Flechettes","Deadly Poison"],"picked":"PiercingWail","floor":14},{"not_picked":["Storm of Steel","Doppelganger"],"picked":"Phantasmal Killer","floor":16},{"not_picked":["Bane+1","Deadly Poison"],"picked":"Prepared+1","floor":18},{"not_picked":["Distraction+1","Poisoned Stab"],"picked":"Underhanded Strike","floor":19},{"not_picked":["All Out Attack+1","Bouncing Flask+1"],"picked":"Choke","floor":20},{"not_picked":["Underhanded Strike","Flying Knee"],"picked":"Reflex","floor":21}],"player_experience":1132133,"relics_obtained":[{"floor":7,"key":"Eternal Feather"},{"floor":9,"key":"Regal Pillow"},{"floor":13,"key":"Tiny Chest"}],"event_choices":[{"cards_removed":["Strike_G"],"damage_healed":0,"gold_gain":0,"player_choice":"Offered Basic","damage_taken":0,"max_hp_gain":0,"max_hp_loss":0,"event_name":"Bonfire Elementals","floor":3,"gold_loss":0},{"damage_healed":0,"gold_gain":0,"player_choice":"Take","damage_taken":0,"max_hp_gain":0,"max_hp_loss":0,"event_name":"betterNote:BetterNote","floor":22,"gold_loss":0,"cards_obtained":["Prepared"]}],"is_beta":false,"boss_relics":[{"not_picked":["Sozu","Fusion Hammer"],"picked":"HoveringKite"}],"items_purged_floors":[4],"is_endless":false,"potions_floor_spawned":[1,7,13,16,19,20],"killed_by":"Book of Stabbing","ascension_level":10}