{"gold_per_floor":[114,133,151,151,6,40,54,54],"floor_reached":8,"playtime":462,"items_purged":["Strike_G"],"score":87,"play_id":"94bbd140-4a62-48b4-88bc-7a467b0f3c4f","local_time":"20230121132515","is_ascension_mode":true,"campfire_choices":[],"neow_cost":"NONE","seed_source_timestamp":253233385599800,"circlet_count":0,"master_deck":["AscendersBane","Strike_G","Strike_G","Strike_G","Strike_G","Defend_G","Defend_G","Defend_G","Defend_G","Defend_G","Survivor","Neutralize","Bouncing Flask","Terror","Backflip","Bouncing Flask","Quick Slash","Tools of the Trade"],"relics":["Snecko Eye","Golden Idol","Bronze Scales"],"potions_floor_usage":[6,8],"damage_taken":[{"damage":0,"enemies":"Jaw Worm","floor":1,"turns":7},{"damage":0,"enemies":"Cultist","floor":2,"turns":4},{"damage":4,"enemies":"Small Slimes","floor":3,"turns":3},{"damage":18,"enemies":"Gremlin Nob","floor":6,"turns":3},{"damage":0,"enemies":"Exordium Wildlife","floor":7,"turns":3},{"damage":27,"enemies":"3 Sentries","floor":8,"turns":8}],"seed_played":"-1813439081002849663","potions_obtained":[{"floor":1,"key":"Strength Potion"},{"floor":7,"key":"GhostInAJar"}],"is_trial":false,"path_per_floor":["M","M","M","?","$","E","M","E"],"character_chosen":"THE_SILENT","items_purchased":["Bouncing Flask"],"campfire_rested":0,"item_purchase_floors":[5],"current_hp_per_floor":[63,63,59,42,42,24,24,0],"gold":54,"neow_bonus":"BOSS_RELIC","is_prod":false,"is_daily":false,"chose_seed":false,"campfire_upgraded":0,"win_rate":0,"timestamp":1674325515,"path_taken":["M","M","M","?","?","E","?","E"],"build_version":"2022-12-18","purchased_purges":1,"victory":false,"max_hp_per_floor":[70,70,70,70,70,70,70,70],"card_choices":[{"not_picked":["Quick Slash","Sucker Punch"],"picked":"Bouncing Flask","floor":1},{"not_picked":["Cloak And Dagger","Deadly Poison"],"picked":"Terror","floor":2},{"not_picked":["Bane","Blur"],"picked":"Backflip","floor":3},{"not_picked":["Backflip","Blur"],"picked":"Quick Slash","floor":6},{"not_picked":["Outmaneuver","Dodge and Roll"],"picked":"Tools of the Trade","floor":7}],"player_experience":1133310,"relics_obtained":[{"floor":6,"key":"Bronze Scales"}],"event_choices":[{"damage_healed":0,"gold_gain":0,"player_choice":"Take Damage","damage_taken":17,"relics_obtained":["Golden Idol"],"max_hp_gain":0,"max_hp_loss":0,"event_name":"Golden Idol","floor":4,"gold_loss":0}],"is_beta":false,"boss_relics":[],"items_purged_floors":[5],"is_endless":false,"potions_floor_spawned":[1,7],"killed_by":"3 Sentries","ascension_level":10}