{"gold_per_floor":[114,134,8,23,42,75,75,100,127,127,3,3,3,22,22,127,177,194,194,52,67,87,87,87],"floor_reached":24,"playtime":988,"items_purged":["Strike_G"],"score":309,"play_id":"48872d70-1649-4cda-a060-9a398cea798e","local_time":"20230121012506","is_ascension_mode":true,"campfire_choices":[{"floor":7,"key":"REST"},{"floor":12,"key":"REST"},{"data":"Envenom","floor":15,"key":"SMITH"},{"floor":23,"key":"REST"}],"neow_cost":"NONE","seed_source_timestamp":209496914283200,"circlet_count":0,"master_deck":["AscendersBane","Strike_G","Strike_G","Strike_G","Strike_G","Defend_G","Defend_G+1","Defend_G","Defend_G","Defend_G","Survivor","Neutralize","Slice","Sucker Punch","Blade Dance","Slice","Envenom+1","Caltrops","Masterful Stab","Slice","Noxious Fumes","Swift Strike","Riddle With Holes","Corpse Explosion","Backflip","Blur","Acrobatics+1","Wraith Form v2","Prepared","Bane+1"],"relics":["Ring of the Snake","Letter Opener","reliquary:RadioactivePellet","Boot","StoneCalendar","Tiny House"],"potions_floor_usage":[6,6,16,16,18,22],"damage_taken":[{"damage":1,"enemies":"Cultist","floor":1,"turns":4},{"damage":5,"enemies":"2 Louse","floor":2,"turns":3},{"damage":2,"enemies":"Jaw Worm","floor":4,"turns":3},{"damage":10,"enemies":"Blue Slaver","floor":5,"turns":4},{"damage":17,"enemies":"Gremlin Nob","floor":6,"turns":4},{"damage":26,"enemies":"Lagavulin","floor":8,"turns":8},{"damage":0,"enemies":"Exordium Wildlife","floor":14,"turns":2},{"damage":29,"enemies":"The Guardian","floor":16,"turns":9},{"damage":22,"enemies":"Spheric Guardian","floor":18,"turns":4},{"damage":15,"enemies":"Chosen","floor":21,"turns":5},{"damage":17,"enemies":"Shelled Parasite and Fungi","floor":22,"turns":5},{"damage":29,"enemies":"Gremlin Leader","floor":24,"turns":3}],"seed_played":"-8157607555992936995","potions_obtained":[{"floor":1,"key":"CultistPotion"},{"floor":4,"key":"LiquidBronze"},{"floor":8,"key":"SpeedPotion"},{"floor":14,"key":"Weak Potion"},{"floor":17,"key":"SneckoOil"},{"floor":21,"key":"SkillPotion"}],"is_trial":false,"path_per_floor":["M","M","$","M","M","E","R","E","T","?","$","R","T","M","R","B",null,"M","?","$","M","M","R","E"],"character_chosen":"THE_SILENT","items_purchased":["Slice","Noxious Fumes","Swift Strike","Wraith Form v2"],"campfire_rested":3,"item_purchase_floors":[3,11,11,20],"current_hp_per_floor":[62,57,57,55,45,28,49,23,23,23,23,44,44,44,44,15,61,39,39,39,24,7,29,0],"gold":87,"neow_bonus":"THREE_CARDS","is_prod":false,"is_daily":false,"chose_seed":false,"campfire_upgraded":1,"win_rate":0,"timestamp":1674282306,"path_taken":["M","M","?","M","M","E","R","E","T","?","?","R","?","M","R","BOSS","M","?","$","?","M","R","E"],"build_version":"2022-12-18","purchased_purges":1,"victory":false,"max_hp_per_floor":[70,70,70,70,70,70,70,70,70,70,70,70,70,70,70,70,75,75,75,75,75,75,75,75],"card_choices":[{"not_picked":["PiercingWail","Bane"],"picked":"Slice","floor":0},{"not_picked":["Footwork","Deadly Poison"],"picked":"Sucker Punch","floor":1},{"not_picked":["Dodge and Roll","Bouncing Flask"],"picked":"Blade Dance","floor":2},{"not_picked":["Masterful Stab","Quick Slash"],"picked":"Envenom","floor":4},{"not_picked":["Distraction","Dash"],"picked":"Caltrops","floor":5},{"not_picked":["Doppelganger","Escape Plan"],"picked":"Masterful Stab","floor":6},{"not_picked":["Dodge and Roll","Deadly Poison"],"picked":"Slice","floor":8},{"not_picked":["Reflex","Outmaneuver"],"picked":"Riddle With Holes","floor":14},{"not_picked":["Bullet Time","Die Die Die"],"picked":"Corpse Explosion","floor":16},{"not_picked":["Accuracy","Distraction"],"picked":"Backflip","floor":17},{"not_picked":["Poisoned Stab","Dagger Throw+1"],"picked":"Blur","floor":18},{"not_picked":["Riddle With Holes","Dagger Throw"],"picked":"Prepared","floor":21},{"not_picked":["Sucker Punch","Quick Slash+1"],"picked":"Bane+1","floor":22}],"player_experience":1129408,"relics_obtained":[{"floor":6,"key":"Letter Opener"},{"floor":8,"key":"reliquary:RadioactivePellet"},{"floor":9,"key":"Boot"},{"floor":13,"key":"StoneCalendar"}],"event_choices":[{"damage_healed":0,"gold_gain":0,"player_choice":"Fled","damage_taken":0,"max_hp_gain":0,"max_hp_loss":0,"event_name":"Scrap Ooze","floor":10,"gold_loss":0},{"cards_removed":["Envenom"],"damage_healed":0,"gold_gain":0,"player_choice":"Take \u0026 Give","damage_taken":0,"max_hp_gain":0,"max_hp_loss":0,"event_name":"betterNote:BetterNote","floor":19,"gold_loss":0,"cards_obtained":["Acrobatics"]}],"is_beta":false,"boss_relics":[{"not_picked":["Runic Dome","reliquary:FreeSamples"],"picked":"Tiny House"}],"items_purged_floors":[3],"is_endless":false,"potions_floor_spawned":[1,4,8,14,21],"killed_by":"Gremlin Leader","ascension_level":10}