{"gold_per_floor":[114,134,150,200,211,239,239,257,309,328,328,359,48,66,66,141,141,156,156,174,174,188,188,188],"floor_reached":24,"playtime":947,"items_purged":["Strike_G"],"score":420,"play_id":"ea6835c6-b71e-412c-95e1-aa4ab156339f","local_time":"20230125214842","is_ascension_mode":true,"campfire_choices":[{"floor":7.0,"key":"REST"},{"floor":15.0,"key":"REST"},{"floor":23,"key":"REST"}],"neow_cost":"NONE","seed_source_timestamp":0,"circlet_count":0,"master_deck":["AscendersBane","Strike_G","Strike_G","Defend_G","Defend_G","Defend_G","Defend_G","Survivor","Neutralize","Sucker Punch","Blade Dance","Terror","Dash","Backflip","Dash","Venomology","Masterful Stab","Well Laid Plans+1","Die Die Die","Backstab+1","All Out Attack+1","A Thousand Cuts+1","Masterful Stab","Writhe"],"special_seed":0,"relics":["Ring of the Snake","NeowsBlessing","Sundial","Boot","Frozen Egg 2","Astrolabe"],"potions_floor_usage":[22],"damage_taken":[{"damage":0.0,"enemies":"Jaw Worm","floor":1.0,"turns":1.0},{"damage":0.0,"enemies":"Cultist","floor":2.0,"turns":1.0},{"damage":0.0,"enemies":"Small Slimes","floor":3.0,"turns":1.0},{"damage":8.0,"enemies":"Exordium Thugs","floor":5.0,"turns":5.0},{"damage":47.0,"enemies":"Lagavulin","floor":6.0,"turns":9.0},{"damage":6.0,"enemies":"3 Louse","floor":8.0,"turns":2.0},{"damage":1.0,"enemies":"Blue Slaver","floor":10.0,"turns":4.0},{"damage":10.0,"enemies":"Gremlin Nob","floor":12.0,"turns":3.0},{"damage":1.0,"enemies":"Looter","floor":14.0,"turns":3.0},{"damage":25.0,"enemies":"The Guardian","floor":16.0,"turns":14.0},{"damage":17.0,"enemies":"Spheric Guardian","floor":18.0,"turns":5.0},{"damage":6,"enemies":"Chosen","floor":20,"turns":4},{"damage":22,"enemies":"Snake Plant","floor":22,"turns":4},{"damage":28,"enemies":"Book of Stabbing","floor":24,"turns":3}],"seed_played":"5796428363152438904","potions_obtained":[{"floor":1.0,"key":"CunningPotion"},{"floor":6.0,"key":"Explosive Potion"},{"floor":10.0,"key":"CunningPotion"},{"floor":12.0,"key":"FearPotion"}],"is_trial":false,"path_per_floor":["M","M","M","?","M","E","R","M","T","M","?","E","$","M","R","B",null,"M","?","M","?","M","R","E"],"character_chosen":"THE_SILENT","items_purchased":["Venomology","Masterful Stab"],"campfire_rested":3,"item_purchase_floors":[13,13],"current_hp_per_floor":[59,59,59,59,51,4,23,17,17,16,16,6,6,5,24,19,54,37,37,31,31,9,28,0],"gold":188,"neow_bonus":"THREE_ENEMY_KILL","is_prod":false,"is_daily":false,"chose_seed":false,"campfire_upgraded":0,"win_rate":0,"timestamp":1674701322,"path_taken":["M","M","M","?","?","E","R","M","T","M","?","E","$","M","R","BOSS","M","?","?","?","M","R","E"],"build_version":"2022-12-18","purchased_purges":1,"victory":false,"max_hp_per_floor":[66,66,66,66,66,66,66,66,66,66,66,66,66,66,66,66,66,66,66,66,66,66,66,66],"card_choices":[{"not_picked":["Predator","Dodge and Roll"],"picked":"Sucker Punch","floor":1.0},{"not_picked":["Dagger Spray","Deflect"],"picked":"Blade Dance","floor":2.0},{"not_picked":["Bane","Outmaneuver"],"picked":"Terror","floor":3.0},{"not_picked":["Skewer","Terror"],"picked":"Dash","floor":5.0},{"not_picked":["Deadly Poison","Sucker Punch"],"picked":"Backflip","floor":6.0},{"not_picked":["Backflip","Sucker Punch"],"picked":"Dash","floor":8.0},{"not_picked":["Slice","Expertise","Cloak And Dagger"],"picked":"SKIP","floor":10.0},{"not_picked":["Acrobatics","Outmaneuver","Expertise"],"picked":"SKIP","floor":12.0},{"not_picked":["Escape Plan","Skewer"],"picked":"Well Laid Plans+1","floor":14.0},{"not_picked":["Corpse Explosion","Wraith Form v2+1"],"picked":"Die Die Die","floor":16.0},{"not_picked":["PiercingWail","Infinite Blades+1"],"picked":"Masterful Stab","floor":18.0},{"not_picked":["Endless Agony","Dodge and Roll","Noxious Fumes+1"],"picked":"SKIP","floor":20},{"not_picked":["Endless Agony","Dodge and Roll","Noxious Fumes+1"],"picked":"SKIP","floor":20},{"not_picked":["Dodge and Roll","Dagger Spray","Noxious Fumes+1"],"picked":"SKIP","floor":22}],"player_experience":1161297,"relics_obtained":[{"floor":6.0,"key":"Sundial"},{"floor":9.0,"key":"Boot"},{"floor":12.0,"key":"Frozen Egg 2"}],"event_choices":[{"damage_healed":0.0,"max_hp_gain":0.0,"max_hp_loss":0.0,"gold_gain":50.0,"event_name":"Golden Shrine","player_choice":"Pray","floor":4.0,"gold_loss":0.0,"damage_taken":0.0},{"damage_healed":0.0,"max_hp_gain":0.0,"max_hp_loss":0.0,"gold_gain":0.0,"event_name":"Golden Idol","player_choice":"Ignored","floor":11.0,"gold_loss":0.0,"damage_taken":0.0},{"damage_healed":0.0,"max_hp_gain":0.0,"max_hp_loss":0.0,"gold_gain":0.0,"event_name":"Match and Keep!","player_choice":"1 cards matched","floor":19.0,"gold_loss":0.0,"damage_taken":0.0,"cards_obtained":["Writhe"]},{"damage_healed":0,"gold_gain":0,"player_choice":"Ignored","damage_taken":0,"max_hp_gain":0,"max_hp_loss":0,"event_name":"Vampires","floor":21,"gold_loss":0}],"is_beta":false,"boss_relics":[{"not_picked":["Busted Crown","Empty Cage"],"picked":"Astrolabe"}],"items_purged_floors":[13],"is_endless":false,"potions_floor_spawned":[1,6,10,12],"killed_by":"Book of Stabbing","ascension_level":20}