{"gold_per_floor":[117,135,149,149,161,161,192,192],"floor_reached":8,"playtime":212,"items_purged":[],"score":116,"play_id":"d21dc4f0-0f51-44c8-aba8-c68224262609","local_time":"20230123104350","is_ascension_mode":true,"campfire_choices":[{"data":"Terror","floor":6,"key":"SMITH"}],"neow_cost":"NONE","seed_source_timestamp":416604073621900,"circlet_count":0,"master_deck":["AscendersBane","Strike_G","Strike_G","Strike_G","Strike_G","Strike_G","Defend_G","Defend_G","Defend_G","Defend_G","Defend_G","Survivor","Neutralize","Underhanded Strike","Endless Agony","Prepared","Terror+1","PiercingWail+1"],"relics":["Ring of the Snake","NeowsBlessing","Toxic Egg 2"],"potions_floor_usage":[5,7,7,8],"damage_taken":[{"damage":0,"enemies":"Small Slimes","floor":1,"turns":1},{"damage":0,"enemies":"Cultist","floor":2,"turns":1},{"damage":0,"enemies":"Jaw Worm","floor":3,"turns":1},{"damage":6,"enemies":"Blue Slaver","floor":5,"turns":4},{"damage":48,"enemies":"Gremlin Nob","floor":7,"turns":5},{"damage":6,"enemies":"Lots of Slimes","floor":8,"turns":1}],"seed_played":"209334661814267249","potions_obtained":[{"floor":4,"key":"GhostInAJar"},{"floor":4,"key":"SpeedPotion"},{"floor":5,"key":"GamblersBrew"},{"floor":7,"key":"ColorlessPotion"}],"is_trial":false,"path_per_floor":["M","M","M","?","M","R","E","M"],"character_chosen":"THE_SILENT","items_purchased":[],"campfire_rested":0,"item_purchase_floors":[],"current_hp_per_floor":[59,59,59,59,53,53,5,0],"gold":192,"neow_bonus":"THREE_ENEMY_KILL","is_prod":false,"is_daily":false,"chose_seed":false,"campfire_upgraded":1,"win_rate":0,"timestamp":1674488630,"path_taken":["M","M","M","?","M","R","E","M"],"build_version":"2022-12-18","purchased_purges":0,"victory":false,"max_hp_per_floor":[66,66,66,66,66,66,66,66],"card_choices":[{"not_picked":["Deadly Poison","Slice"],"picked":"Underhanded Strike","floor":1},{"not_picked":["Bane","Cloak And Dagger"],"picked":"Endless Agony","floor":2},{"not_picked":["Skewer","Flying Knee"],"picked":"Prepared","floor":3},{"not_picked":["Bullet Time","Leg Sweep"],"picked":"Terror","floor":5},{"not_picked":["Quick Slash","Flying Knee"],"picked":"PiercingWail+1","floor":7}],"player_experience":1153807,"relics_obtained":[{"floor":7,"key":"Toxic Egg 2"}],"event_choices":[{"damage_healed":0,"gold_gain":0,"player_choice":"Got Potions","damage_taken":0,"max_hp_gain":0,"max_hp_loss":0,"event_name":"Lab","floor":4,"gold_loss":0}],"is_beta":false,"boss_relics":[],"items_purged_floors":[],"is_endless":false,"potions_floor_spawned":[5,7],"killed_by":"Lots of Slimes","ascension_level":20}