{"gold_per_floor":[112,112,37,54,64,64,74,107,107,50,67,67,67,67],"floor_reached":14,"playtime":447,"items_purged":["Strike_G"],"score":180,"play_id":"8a0edbb8-ef44-4dfc-afdf-770c0e7504f7","local_time":"20230126234403","is_ascension_mode":true,"campfire_choices":[{"data":"Caltrops","floor":6,"key":"SMITH"}],"neow_cost":"NONE","seed_source_timestamp":164430430446300,"circlet_count":0,"master_deck":["AscendersBane","Strike_G","Strike_G","Strike_G","Defend_G","Defend_G","Defend_G","Defend_G","Defend_G","Survivor","Neutralize","Quick Slash","Slice","Caltrops+1","Caltrops","Leg Sweep","Wraith Form v2"],"relics":["Ring of the Snake","Bag of Preparation","CaptainsWheel","Eternal Feather","Incense Burner"],"potions_floor_usage":[8,8],"damage_taken":[{"damage":3,"enemies":"Jaw Worm","floor":1,"turns":4},{"damage":1,"enemies":"Small Slimes","floor":4,"turns":4},{"damage":0,"enemies":"Cultist","floor":5,"turns":3},{"damage":0,"enemies":"2 Fungi Beasts","floor":7,"turns":4},{"damage":24,"enemies":"Gremlin Nob","floor":8,"turns":5},{"damage":5,"enemies":"Red Slaver","floor":11,"turns":5},{"damage":10,"enemies":"3 Sentries","floor":14,"turns":5}],"seed_played":"6748985847530644656","potions_obtained":[{"floor":5,"key":"Block Potion"},{"floor":7,"key":"CultistPotion"}],"is_trial":false,"path_per_floor":["M","?","$","M","M","R","M","E","T","?","M","?","?","E"],"character_chosen":"THE_SILENT","items_purchased":[],"campfire_rested":0,"item_purchase_floors":[],"current_hp_per_floor":[56,38,38,37,37,37,37,13,13,13,8,8,8,0],"gold":67,"neow_bonus":"THREE_CARDS","is_prod":false,"is_daily":false,"chose_seed":false,"campfire_upgraded":1,"win_rate":0,"timestamp":1674794643,"path_taken":["M","?","$","M","M","R","M","E","T","?","?","?","?","E"],"build_version":"2022-12-18","purchased_purges":1,"victory":false,"max_hp_per_floor":[66,66,66,66,66,66,66,66,66,66,66,66,66,66],"card_choices":[{"not_picked":["Concentrate","Tactician"],"picked":"Quick Slash","floor":0},{"not_picked":["Deflect","Quick Slash"],"picked":"Slice","floor":1},{"not_picked":["Cloak And Dagger","Bane"],"picked":"Caltrops","floor":4},{"not_picked":["Escape Plan","Cloak And Dagger"],"picked":"Caltrops","floor":5},{"not_picked":["Quick Slash","Prepared"],"picked":"Leg Sweep","floor":7},{"not_picked":["Leg Sweep","Slice"],"picked":"Wraith Form v2","floor":8},{"not_picked":["Cloak And Dagger","Bane","Masterful Stab"],"picked":"SKIP","floor":11}],"player_experience":1171617,"relics_obtained":[{"floor":8,"key":"CaptainsWheel"},{"floor":9,"key":"Eternal Feather"}],"event_choices":[{"damage_healed":0,"gold_gain":0,"player_choice":"Success","damage_taken":18,"relics_obtained":["Bag of Preparation"],"max_hp_gain":0,"max_hp_loss":0,"event_name":"Scrap Ooze","floor":2,"gold_loss":0},{"damage_healed":0,"gold_gain":0,"player_choice":"Paid Gold","damage_taken":0,"relics_obtained":["Incense Burner"],"max_hp_gain":0,"max_hp_loss":0,"event_name":"WeMeetAgain","floor":10,"gold_loss":57},{"damage_healed":0,"gold_gain":0,"player_choice":"Searched \u00270\u0027 times","damage_taken":0,"max_hp_gain":0,"max_hp_loss":0,"event_name":"Dead Adventurer","floor":12,"gold_loss":0},{"cards_removed":["Strike_G"],"damage_healed":0,"gold_gain":0,"player_choice":"Purged","damage_taken":0,"max_hp_gain":0,"max_hp_loss":0,"event_name":"Purifier","floor":13,"gold_loss":0}],"is_beta":false,"boss_relics":[],"items_purged_floors":[3],"is_endless":false,"potions_floor_spawned":[5,7],"killed_by":"3 Sentries","ascension_level":20}