{"gold_per_floor":[117,129,36,36,50,50,20,50,50,50,50,50,77,91,91,190,190,209,219,169,169,186,186,199,199],"floor_reached":25,"playtime":1224,"items_purged":["Strike_G"],"score":317,"play_id":"3ed76da9-b2d9-464b-a612-db4984f21e18","local_time":"20230121010823","is_ascension_mode":true,"campfire_choices":[{"data":"Acrobatics","floor":6,"key":"SMITH"},{"floor":12,"key":"REST"},{"floor":15,"key":"REST"},{"floor":23,"key":"REST"}],"neow_cost":"NONE","seed_source_timestamp":208257579216600,"circlet_count":0,"master_deck":["AscendersBane","Strike_G","Strike_G","Strike_G","Strike_G","Defend_G","Defend_G","Defend_G","Defend_G","Defend_G","Survivor","Neutralize","Leg Sweep","Dagger Throw","Acrobatics+1","Bouncing Flask","Deadly Poison","Poisoned Stab","Escape Plan","Footwork","Noxious Fumes","Bullet Time","Sucker Punch","Sucker Punch","Acrobatics"],"relics":["Ring of the Snake","NeowsBlessing","reliquary:SpireOfHannoy","Boot","Smiling Mask","Fusion Hammer"],"potions_floor_usage":[8,16,16,25],"damage_taken":[{"damage":0,"enemies":"Small Slimes","floor":1,"turns":1},{"damage":0,"enemies":"Jaw Worm","floor":2,"turns":1},{"damage":0,"enemies":"Cultist","floor":5,"turns":1},{"damage":0,"enemies":"Looter","floor":7,"turns":4},{"damage":31,"enemies":"3 Sentries","floor":8,"turns":12},{"damage":39,"enemies":"Gremlin Nob","floor":13,"turns":5},{"damage":9,"enemies":"Blue Slaver","floor":14,"turns":5},{"damage":1,"enemies":"Hexaghost","floor":16,"turns":11},{"damage":18,"enemies":"3 Byrds","floor":18,"turns":5},{"damage":1,"enemies":"Shell Parasite","floor":19,"turns":6},{"damage":25,"enemies":"Centurion and Healer","floor":22,"turns":8},{"damage":3,"enemies":"Shelled Parasite and Fungi","floor":24,"turns":7},{"damage":35,"enemies":"Slavers","floor":25,"turns":2}],"seed_played":"-5700795667447096374","potions_obtained":[{"floor":5,"key":"Block Potion"},{"floor":13,"key":"Ancient Potion"},{"floor":14,"key":"CunningPotion"},{"floor":18,"key":"SteroidPotion"}],"is_trial":false,"path_per_floor":["M","M","$","?","M","R","M","E","T","?","$","R","E","M","R","B",null,"M","M","$","?","M","R","M","E"],"character_chosen":"THE_SILENT","items_purchased":["Acrobatics","Bouncing Flask"],"campfire_rested":3,"item_purchase_floors":[3,3],"current_hp_per_floor":[63,63,63,63,63,63,63,32,32,32,32,53,14,5,26,25,59,41,40,40,40,15,36,33,0],"gold":199,"neow_bonus":"THREE_ENEMY_KILL","is_prod":false,"is_daily":false,"chose_seed":false,"campfire_upgraded":1,"win_rate":0,"timestamp":1674281303,"path_taken":["M","M","$","?","M","R","M","E","T","?","$","R","E","M","R","BOSS","M","M","$","?","M","R","M","E"],"build_version":"2022-12-18","purchased_purges":1,"victory":false,"max_hp_per_floor":[70,70,70,70,70,70,70,70,70,70,70,70,70,70,70,70,70,70,70,70,70,70,70,70,70],"card_choices":[{"not_picked":["Dagger Throw","Backflip"],"picked":"Leg Sweep","floor":1},{"not_picked":["Bouncing Flask","Quick Slash"],"picked":"Dagger Throw","floor":2},{"not_picked":["Riddle With Holes","Leg Sweep"],"picked":"Deadly Poison","floor":5},{"not_picked":["Acrobatics","Sucker Punch"],"picked":"Poisoned Stab","floor":7},{"not_picked":["Acrobatics","Skewer"],"picked":"Escape Plan","floor":8},{"not_picked":["Underhanded Strike","Skewer"],"picked":"Footwork","floor":13},{"not_picked":["Bane","Slice"],"picked":"Noxious Fumes","floor":14},{"not_picked":["Grand Finale","Malaise"],"picked":"Bullet Time","floor":16},{"not_picked":["Skewer","Dagger Spray+1"],"picked":"Sucker Punch","floor":18},{"not_picked":["Dagger Throw","Setup+1","PiercingWail"],"picked":"SKIP","floor":19},{"not_picked":["Deflect","Underhanded Strike"],"picked":"Sucker Punch","floor":22},{"not_picked":["Slice","Infinite Blades+1"],"picked":"Acrobatics","floor":24}],"player_experience":1128184,"relics_obtained":[{"floor":8,"key":"reliquary:SpireOfHannoy"},{"floor":9,"key":"Boot"},{"floor":13,"key":"Smiling Mask"}],"event_choices":[{"damage_healed":0,"gold_gain":0,"player_choice":"Fled","damage_taken":0,"max_hp_gain":0,"max_hp_loss":0,"event_name":"Scrap Ooze","floor":4,"gold_loss":0},{"damage_healed":0,"gold_gain":0,"player_choice":"Ignored","damage_taken":0,"max_hp_gain":0,"max_hp_loss":0,"event_name":"Golden Idol","floor":10,"gold_loss":0},{"cards_removed":["Acrobatics"],"damage_healed":0,"gold_gain":0,"player_choice":"Give","damage_taken":0,"max_hp_gain":0,"max_hp_loss":0,"event_name":"betterNote:BetterNote","floor":21,"gold_loss":0,"cards_obtained":["None"]}],"is_beta":false,"boss_relics":[{"not_picked":["Astrolabe","reliquary:FreeSamples"],"picked":"Fusion Hammer"}],"items_purged_floors":[20],"is_endless":false,"potions_floor_spawned":[5,13,14,18],"killed_by":"Slavers","ascension_level":10}