{"gold_per_floor":[113,123,139,34,49,49,84,184,184,184],"floor_reached":10,"playtime":226,"items_purged":["Strike_G"],"score":136,"play_id":"e9859fc6-c4e1-45b1-ada0-2e490ec2b9ae","local_time":"20230125130714","is_ascension_mode":true,"campfire_choices":[{"data":"Strike_G","floor":6,"key":"SMITH"}],"neow_cost":"NONE","seed_source_timestamp":40001357655600,"circlet_count":0,"master_deck":["AscendersBane","Strike_G+1","Strike_G","Strike_G","Strike_G","Defend_G","Defend_G","Defend_G","Defend_G","Defend_G","Survivor","Neutralize","Storm of Steel","Blade Dance","Cloak And Dagger"],"special_seed":0,"relics":["Ring of the Snake","NeowsBlessing","Question Card","Bottled Lightning"],"potions_floor_usage":[7],"damage_taken":[{"damage":0.0,"enemies":"2 Louse","floor":1.0,"turns":1.0},{"damage":0.0,"enemies":"Cultist","floor":2.0,"turns":1.0},{"damage":0.0,"enemies":"Small Slimes","floor":3.0,"turns":1.0},{"damage":13,"enemies":"3 Louse","floor":5,"turns":4},{"damage":50,"enemies":"Gremlin Nob","floor":7,"turns":5},{"damage":0,"enemies":"3 Sentries","floor":10,"turns":1}],"seed_played":"528153837537586167","potions_obtained":[{"floor":1.0,"key":"Fruit Juice"}],"is_trial":false,"path_per_floor":["M","M","M","$","M","R","E","?","T","E"],"character_chosen":"THE_SILENT","items_purchased":["Blade Dance"],"campfire_rested":0,"item_purchase_floors":[4],"current_hp_per_floor":[59,59,59,59,46,46,1,1,1,1],"gold":184,"neow_bonus":"THREE_ENEMY_KILL","is_prod":false,"is_daily":false,"chose_seed":false,"campfire_upgraded":1,"win_rate":0,"timestamp":1674670034,"path_taken":["M","M","M","$","M","R","E","?","T","E"],"build_version":"2022-12-18","purchased_purges":1,"victory":false,"max_hp_per_floor":[66,66,66,66,66,66,71,71,71,71],"card_choices":[{"not_picked":["Crippling Poison","Acrobatics","Accuracy"],"picked":"SKIP","floor":1.0},{"not_picked":["Blade Dance","Cloak And Dagger"],"picked":"Storm of Steel","floor":2.0},{"not_picked":["Deadly Poison","Outmaneuver","Cloak And Dagger"],"picked":"SKIP","floor":3.0},{"not_picked":["Expertise","Acrobatics","Sucker Punch"],"picked":"SKIP","floor":5},{"not_picked":["Flying Knee","Slice"],"picked":"Cloak And Dagger","floor":7}],"player_experience":1158449,"relics_obtained":[{"floor":7,"key":"Question Card"},{"floor":9,"key":"Bottled Lightning"}],"event_choices":[{"damage_healed":0,"gold_gain":100,"player_choice":"Gold","damage_taken":0,"max_hp_gain":0,"max_hp_loss":0,"event_name":"Wheel of Change","floor":8,"gold_loss":0}],"is_beta":false,"boss_relics":[],"items_purged_floors":[4],"is_endless":false,"potions_floor_spawned":[1],"killed_by":"3 Sentries","ascension_level":20}