{"gold_per_floor":[112,112,70,81,92,125,125,160,160,160,0,0],"floor_reached":12,"playtime":665,"items_purged":[],"score":172,"play_id":"042130f5-1cee-4c39-b67c-7e6c6b606409","local_time":"20230125133006","is_ascension_mode":true,"campfire_choices":[{"floor":7.0,"key":"REST"}],"neow_cost":"NONE","seed_source_timestamp":40944666506400,"circlet_count":0,"master_deck":["AscendersBane","Strike_G","Strike_G","Strike_G","Strike_G","Strike_G","Defend_G","Defend_G","Defend_G","Defend_G","Defend_G","Neutralize","Poisoned Stab","Finisher","Footwork","Catalyst","Deadly Poison","Trip","Sucker Punch"],"special_seed":0,"relics":["Ring of the Snake","Ninja Scroll","Mercury Hourglass","Sundial","Golden Idol"],"potions_floor_usage":[12],"damage_taken":[{"damage":1.0,"enemies":"2 Louse","floor":1.0,"turns":5.0},{"damage":14.0,"enemies":"Small Slimes","floor":4.0,"turns":4.0},{"damage":4.0,"enemies":"Cultist","floor":5.0,"turns":3.0},{"damage":34.0,"enemies":"Lagavulin","floor":6.0,"turns":10.0},{"damage":46.0,"enemies":"3 Sentries","floor":8.0,"turns":14.0},{"damage":14,"enemies":"Lagavulin","floor":12,"turns":4}],"seed_played":"-4582029694389084895","potions_obtained":[{"floor":5.0,"key":"Poison Potion"},{"floor":6.0,"key":"FairyPotion"},{"floor":8.0,"key":"PowerPotion"}],"is_trial":false,"path_per_floor":["M","?","$","M","M","E","R","E","T","?","$","E"],"character_chosen":"THE_SILENT","items_purchased":["Finisher","Trip","Sucker Punch"],"campfire_rested":1,"item_purchase_floors":[3,11,11],"current_hp_per_floor":[58,63,63,49,45,11,32,14,14,14,14,0],"gold":0,"neow_bonus":"REMOVE_CARD","is_prod":false,"is_daily":false,"chose_seed":false,"campfire_upgraded":0,"win_rate":0,"timestamp":1674671406,"path_taken":["M","?","$","M","M","E","R","E","T","?","$","E"],"build_version":"2022-12-18","purchased_purges":0,"victory":false,"max_hp_per_floor":[66,71,71,71,71,71,71,71,71,64,64,64],"card_choices":[{"not_picked":["Underhanded Strike","Endless Agony"],"picked":"Poisoned Stab","floor":1.0},{"not_picked":["Slice","Flying Knee","Outmaneuver"],"picked":"SKIP","floor":4.0},{"not_picked":["Bane","Dagger Spray"],"picked":"Footwork","floor":5.0},{"not_picked":["Predator","Reflex"],"picked":"Catalyst","floor":6.0},{"not_picked":["Prepared","Riddle With Holes"],"picked":"Deadly Poison","floor":8.0}],"player_experience":1159267,"relics_obtained":[{"floor":6.0,"key":"Ninja Scroll"},{"floor":8.0,"key":"Mercury Hourglass"},{"floor":9.0,"key":"Sundial"}],"event_choices":[{"damage_healed":0.0,"max_hp_gain":5.0,"max_hp_loss":0.0,"gold_gain":0.0,"event_name":"Big Fish","player_choice":"Donut","floor":2.0,"gold_loss":0.0,"damage_taken":0.0},{"damage_healed":0.0,"max_hp_gain":0.0,"max_hp_loss":7.0,"gold_gain":0.0,"event_name":"Golden Idol","player_choice":"Lose Max HP","floor":10.0,"gold_loss":0.0,"damage_taken":0.0,"relics_obtained":["Golden Idol"]}],"is_beta":false,"boss_relics":[],"items_purged_floors":[],"is_endless":false,"potions_floor_spawned":[5,6,8],"killed_by":"Lagavulin","ascension_level":20}