{"gold_per_floor":[116,191,204,222,238,238,264,277,277,277,293,99,99,112,112,207,207,226,301,313,323,336,336,336,336],"floor_reached":25,"playtime":1440,"items_purged":["Strike_G"],"score":311,"play_id":"44467b0a-4102-4f84-a1e6-870771b2761b","local_time":"20230118184341","is_ascension_mode":true,"campfire_choices":[{"data":"Sucker Punch","floor":6,"key":"SMITH"},{"floor":10,"key":"REST"},{"floor":15,"key":"REST"},{"data":"Calculated Gamble","floor":23,"key":"SMITH"}],"neow_cost":"NONE","seed_source_timestamp":12154810983400,"circlet_count":0,"master_deck":["AscendersBane","Strike_G","Strike_G","Strike_G","Strike_G","Defend_G","Defend_G","Defend_G","Defend_G","Survivor","Neutralize","Adrenaline","Dash","Sucker Punch+1","Poisoned Stab","PiercingWail","Crippling Poison","Calculated Gamble+1","Terror","All Out Attack","Distraction","Reflex","Glass Knife","Leg Sweep","Poisoned Stab+1"],"relics":["Ring of the Snake","reliquary:RedPaperclip"],"potions_floor_usage":[3,7,16,25],"damage_taken":[{"damage":4,"enemies":"Jaw Worm","floor":1,"turns":5},{"damage":0,"enemies":"2 Louse","floor":3,"turns":4},{"damage":5,"enemies":"Small Slimes","floor":4,"turns":4},{"damage":0,"enemies":"Red Slaver","floor":5,"turns":3},{"damage":12,"enemies":"3 Sentries","floor":7,"turns":10},{"damage":0,"enemies":"3 Louse","floor":8,"turns":2},{"damage":9,"enemies":"Exordium Wildlife","floor":11,"turns":4},{"damage":0,"enemies":"Blue Slaver","floor":14,"turns":4},{"damage":59,"enemies":"Slime Boss","floor":16,"turns":13},{"damage":3,"enemies":"Chosen","floor":18,"turns":4},{"damage":7,"enemies":"3 Byrds","floor":20,"turns":4},{"damage":8,"enemies":"Snake Plant","floor":21,"turns":5},{"damage":0,"enemies":"Chosen and Byrds","floor":22,"turns":7},{"damage":45,"enemies":"Gremlin Leader","floor":25,"turns":6}],"seed_played":"2210082276536763075","potions_obtained":[{"floor":1,"key":"Fruit Juice"},{"floor":3,"key":"Weak Potion"},{"floor":7,"key":"FearPotion"},{"floor":18,"key":"Dexterity Potion"}],"is_trial":false,"path_per_floor":["M","?","M","M","M","R","E","M","T","R","M","$","?","M","R","B",null,"M","?","M","M","M","R","?","E"],"character_chosen":"THE_SILENT","items_purchased":["All Out Attack","Distraction"],"campfire_rested":2,"item_purchase_floors":[12,12],"current_hp_per_floor":[59,48,53,48,48,48,36,36,36,58,49,49,42,42,64,5,58,55,48,41,33,33,33,33,0],"gold":336,"neow_bonus":"ONE_RANDOM_RARE_CARD","is_prod":false,"is_daily":false,"chose_seed":false,"campfire_upgraded":2,"win_rate":0,"timestamp":1674085421,"path_taken":["M","?","M","M","M","R","E","M","T","R","M","$","?","M","R","BOSS","M","?","?","M","M","R","?","E"],"build_version":"2022-12-18","purchased_purges":1,"victory":false,"max_hp_per_floor":[70,70,75,75,75,75,75,75,75,75,75,75,75,75,75,75,75,75,75,75,75,75,75,75,75],"card_choices":[{"not_picked":["Well Laid Plans","Endless Agony"],"picked":"Dash","floor":1},{"not_picked":["Outmaneuver","PiercingWail"],"picked":"Sucker Punch","floor":3},{"not_picked":["Eviscerate","Sucker Punch"],"picked":"Poisoned Stab","floor":4},{"not_picked":["Sucker Punch","Outmaneuver"],"picked":"PiercingWail","floor":5},{"not_picked":["Choke","Poisoned Stab"],"picked":"Crippling Poison","floor":7},{"not_picked":["Dagger Spray","Bane"],"picked":"Calculated Gamble","floor":8},{"not_picked":["Bane","Deadly Poison"],"picked":"Terror","floor":11},{"not_picked":["Endless Agony","Backflip"],"picked":"Reflex","floor":14},{"not_picked":["After Image","Doppelganger"],"picked":"Glass Knife","floor":16},{"not_picked":["Finisher","Quick Slash+1"],"picked":"Leg Sweep","floor":18},{"not_picked":["Quick Slash","Cloak And Dagger","Setup+1"],"picked":"SKIP","floor":20},{"not_picked":["Dodge and Roll","Leg Sweep+1","Underhanded Strike"],"picked":"SKIP","floor":21},{"not_picked":["Deflect","Backstab"],"picked":"Poisoned Stab+1","floor":22}],"player_experience":1115981,"relics_obtained":[{"floor":7,"key":"Dream Catcher"},{"floor":9,"key":"Shuriken"}],"event_choices":[{"damage_healed":0,"gold_gain":75,"player_choice":"Gather Gold","damage_taken":11,"max_hp_gain":0,"max_hp_loss":0,"event_name":"World of Goop","floor":2,"gold_loss":0},{"cards_removed":["Defend_G"],"damage_healed":0,"gold_gain":0,"player_choice":"Card Removal","damage_taken":7,"max_hp_gain":0,"max_hp_loss":0,"event_name":"Golden Wing","floor":13,"gold_loss":0},{"damage_healed":0,"gold_gain":75,"player_choice":"Touch","damage_taken":7,"max_hp_gain":0,"max_hp_loss":0,"event_name":"FaceTrader","floor":19,"gold_loss":0},{"damage_healed":0,"gold_gain":0,"player_choice":"Ignored","damage_taken":0,"max_hp_gain":0,"max_hp_loss":0,"event_name":"betterNote:BetterNote","floor":24,"gold_loss":0,"cards_obtained":["Hemokinesis"]}],"is_beta":false,"boss_relics":[{"not_picked":["Cursed Key","reliquary:FreeSamples"],"picked":"reliquary:RedPaperclip"}],"items_purged_floors":[12],"is_endless":false,"potions_floor_spawned":[1,3,7,18],"killed_by":"Gremlin Leader","ascension_level":10}