{"gold_per_floor":[116,191,204,19,37,62,62,62,62,90,90,4,14,44,44,117,117,117],"floor_reached":18,"playtime":702,"items_purged":["Strike_G"],"score":336,"play_id":"623021b8-46d2-44dc-9627-0809c3cfc220","local_time":"20230126233622","is_ascension_mode":true,"campfire_choices":[{"data":"Noxious Fumes","floor":7,"key":"SMITH"},{"floor":11,"key":"REST"},{"floor":15,"key":"REST"}],"neow_cost":"NONE","seed_source_timestamp":163710585850500,"circlet_count":0,"master_deck":["AscendersBane","Strike_G","Strike_G","Strike_G","Strike_G","Defend_G","Defend_G","Defend_G","Defend_G","Defend_G","Survivor+1","Neutralize+1","Dodge and Roll","Footwork","Noxious Fumes+1","Blade Dance","Bane","Cloak And Dagger","Night Terror","Accuracy","Crippling Poison","Adrenaline"],"relics":["Ring of the Snake","NeowsBlessing","Thread and Needle","Bottled Flame","WingedGreaves","InkBottle","Busted Crown"],"potions_floor_usage":[6,10,13],"damage_taken":[{"damage":0,"enemies":"Small Slimes","floor":1,"turns":2},{"damage":0,"enemies":"Jaw Worm","floor":3,"turns":1},{"damage":0,"enemies":"2 Louse","floor":5,"turns":1},{"damage":18,"enemies":"Lagavulin","floor":6,"turns":9},{"damage":17,"enemies":"Gremlin Nob","floor":10,"turns":4},{"damage":9,"enemies":"Lots of Slimes","floor":13,"turns":4},{"damage":23,"enemies":"The Guardian","floor":16,"turns":14},{"damage":54,"enemies":"Chosen","floor":18,"turns":9}],"seed_played":"-2389753471499746908","potions_obtained":[{"floor":1,"key":"Regen Potion"},{"floor":6,"key":"SneckoOil"},{"floor":10,"key":"DuplicationPotion"}],"is_trial":false,"path_per_floor":["M","?","M","$","M","E","R","?","T","E","R","$","M","?","R","B",null,"M"],"character_chosen":"THE_SILENT","items_purchased":["Noxious Fumes","Blade Dance","Accuracy"],"campfire_rested":2,"item_purchase_floors":[4,4,12],"current_hp_per_floor":[59,48,48,48,48,45,45,25,25,8,27,27,18,18,37,14,53,0],"gold":117,"neow_bonus":"THREE_ENEMY_KILL","is_prod":false,"is_daily":false,"chose_seed":false,"campfire_upgraded":1,"win_rate":0,"timestamp":1674794182,"path_taken":["M","?","M","$","M","E","R","?","T","E","R","?","M","?","R","BOSS","M"],"build_version":"2022-12-18","purchased_purges":1,"victory":false,"max_hp_per_floor":[66,66,66,66,66,66,66,66,66,66,66,66,66,66,66,66,66,66],"card_choices":[{"not_picked":["Underhanded Strike","Prepared"],"picked":"Dodge and Roll","floor":1},{"not_picked":["Blade Dance","Deadly Poison"],"picked":"Footwork","floor":3},{"not_picked":["Dagger Throw","Dagger Spray"],"picked":"Bane","floor":5},{"not_picked":["Deflect","Sucker Punch"],"picked":"Cloak And Dagger","floor":6},{"not_picked":["Sucker Punch","Storm of Steel"],"picked":"Night Terror","floor":10},{"not_picked":["Quick Slash","Acrobatics"],"picked":"Crippling Poison","floor":13},{"not_picked":["Doppelganger","Envenom"],"picked":"Adrenaline","floor":16}],"player_experience":1170915,"relics_obtained":[{"floor":6,"key":"Thread and Needle"},{"floor":9,"key":"Bottled Flame"},{"floor":10,"key":"WingedGreaves"}],"event_choices":[{"damage_healed":0,"gold_gain":75,"player_choice":"Gather Gold","damage_taken":11,"max_hp_gain":0,"max_hp_loss":0,"event_name":"World of Goop","floor":2,"gold_loss":0},{"damage_healed":0,"gold_gain":0,"player_choice":"Entered Light","damage_taken":20,"max_hp_gain":0,"max_hp_loss":0,"event_name":"Shining Light","floor":8,"gold_loss":0,"cards_upgraded":["Neutralize","Survivor"]},{"damage_healed":0,"gold_gain":30,"player_choice":"Searched \u00272\u0027 times","damage_taken":0,"relics_obtained":["InkBottle"],"max_hp_gain":0,"max_hp_loss":0,"event_name":"Dead Adventurer","floor":14,"gold_loss":0}],"is_beta":false,"boss_relics":[{"not_picked":["HoveringKite","Runic Dome"],"picked":"Busted Crown"}],"items_purged_floors":[4],"is_endless":false,"potions_floor_spawned":[1,6,10],"killed_by":"Chosen","ascension_level":20}