{"gold_per_floor":[109,20,40,52,69,99,99,130,130,160,160,177,203,219,219,318,318,335,275,275,289,304,338,338,371,371,371,384,131,131,141,141,240,240,257,257,103,113,17,46,46,46,46,46],"floor_reached":44,"playtime":2457,"items_purged":["Strike_G","Strike_G"],"score":807,"play_id":"fa118de4-ef8e-4f49-a84d-4b32a8acfda6","local_time":"20230118001440","is_ascension_mode":true,"campfire_choices":[{"data":"Catalyst","floor":7,"key":"SMITH"},{"floor":11,"key":"REST"},{"floor":15,"key":"REST"},{"data":"Adrenaline","floor":24,"key":"SMITH"},{"floor":32,"key":"REST"},{"data":"Concentrate","floor":41,"key":"SMITH"}],"neow_cost":"NONE","seed_source_timestamp":172930053386900,"circlet_count":0,"master_deck":["AscendersBane","Strike_G","Strike_G","Defend_G","Defend_G","Defend_G","Defend_G","Survivor","Neutralize","Good Instincts","Noxious Fumes+1","Deadly Poison","Footwork","Masterful Stab","Catalyst+1","Discovery","Backflip+1","bad_spire:tickbox","PiercingWail","Bouncing Flask","Crippling Poison","Good Instincts","Acrobatics","Footwork","Adrenaline+1","Quick Slash","Finesse","Poisoned Stab+1","Calculated Gamble+1","Adrenaline","Reflex+1","Thinking Ahead","bad_spire:queen","Blur","Die Die Die","Footwork+1","Good Instincts","Backflip","Concentrate+1","Flash of Steel","Underhanded Strike","Prepared","Calculated Gamble","Deep Breath"],"special_seed":0,"relics":["Ring of the Serpent","StrikeDummy","Blood Vial","Meat on the Bone","Turnip","Philosopher\u0027s Stone","Ancient Tea Set","Question Card","Vajra","Kunai","War Paint"],"potions_floor_usage":[6,6,8,18,23,33,33,38],"damage_taken":[{"damage":1.0,"enemies":"Jaw Worm","floor":1.0,"turns":5.0},{"damage":3.0,"enemies":"2 Louse","floor":3.0,"turns":3.0},{"damage":11.0,"enemies":"Small Slimes","floor":4.0,"turns":5.0},{"damage":8.0,"enemies":"2 Fungi Beasts","floor":5.0,"turns":4.0},{"damage":5,"enemies":"3 Sentries","floor":6,"turns":8},{"damage":13,"enemies":"Lagavulin","floor":8,"turns":7},{"damage":1,"enemies":"Blue Slaver","floor":12,"turns":3},{"damage":18,"enemies":"Gremlin Nob","floor":13,"turns":3},{"damage":4,"enemies":"Lots of Slimes","floor":14,"turns":4},{"damage":33,"enemies":"Slime Boss","floor":16,"turns":12},{"damage":0,"enemies":"2 Thieves","floor":18,"turns":4},{"damage":0,"enemies":"Chosen","floor":21,"turns":4},{"damage":7,"enemies":"Snecko","floor":22,"turns":4},{"damage":16,"enemies":"Book of Stabbing","floor":23,"turns":6},{"damage":9,"enemies":"Gremlin Leader","floor":25,"turns":5},{"damage":6,"enemies":"Centurion and Healer","floor":28,"turns":4},{"damage":10,"enemies":"Cultist and Chosen","floor":31,"turns":3},{"damage":30,"enemies":"Champ","floor":33,"turns":9},{"damage":20,"enemies":"3 Darklings","floor":35,"turns":4},{"damage":3,"enemies":"Orb Walker","floor":38,"turns":3},{"damage":14,"enemies":"Nemesis","floor":40,"turns":7},{"damage":46,"enemies":"Spire Growth","floor":44,"turns":6}],"seed_played":"5281897647409512344","potions_obtained":[{"floor":1.0,"key":"PowerPotion"},{"floor":4.0,"key":"ColorlessPotion"},{"floor":5.0,"key":"Ancient Potion"},{"floor":16,"key":"DistilledChaos"},{"floor":18,"key":"Strength Potion"},{"floor":22,"key":"Block Potion"},{"floor":28,"key":"ColorlessPotion"},{"floor":33,"key":"Ancient Potion"},{"floor":35,"key":"EssenceOfSteel"}],"is_trial":false,"path_per_floor":["M","$","M","M","M","E","R","E","T","?","R","M","E","M","R","B",null,"M","?","?","M","M","E","R","E","T","?","M","$","?","M","R","B",null,"M","?","$","M","$","E","R","$","T","M"],"character_chosen":"THE_SILENT","items_purchased":["Deadly Poison","Footwork","Thinking Ahead","Backflip","Underhanded Strike","Prepared"],"campfire_rested":3,"item_purchase_floors":[2,2,29,37,39,39],"current_hp_per_floor":[62,62,59,48,40,35,35,22,22,22,43,44,40,38,59,40,63,65,65,65,67,62,48,48,41,41,34,42,42,24,28,49,33,61,43,43,43,42,42,42,42,42,42,0],"gold":46,"neow_bonus":"RANDOM_COLORLESS","is_prod":false,"is_daily":false,"chose_seed":false,"campfire_upgraded":3,"win_rate":0,"timestamp":1674018880,"path_taken":["M","$","M","M","M","E","R","E","T","?","R","M","E","M","R","BOSS","M","?","?","M","?","E","R","E","T","?","M","?","?","M","R","BOSS","M","?","?","M","$","E","R","$","T","M"],"build_version":"2022-12-18","purchased_purges":2,"victory":false,"max_hp_per_floor":[70,70,70,70,70,70,70,70,70,70,70,70,70,70,70,70,70,70,70,70,70,70,70,70,70,70,70,70,70,70,70,70,70,70,70,70,70,70,70,70,70,70,70,70],"card_choices":[{"not_picked":["bad_spire:tickbox","Enlightenment"],"picked":"Good Instincts","floor":0.0},{"not_picked":["Infinite Blades","Choke"],"picked":"Noxious Fumes","floor":1.0},{"not_picked":["Outmaneuver","Cloak And Dagger"],"picked":"Masterful Stab","floor":3.0},{"not_picked":["Dash","Flying Knee"],"picked":"Catalyst","floor":4.0},{"not_picked":["bad_spire:uncertainty","bad_spire:slots"],"picked":"Discovery","floor":4.0},{"not_picked":["Dagger Throw","Flying Knee"],"picked":"Backflip","floor":5.0},{"not_picked":["bad_spire:optics","Mayhem","bad_spire:tickbox"],"picked":"SKIP","floor":5.0},{"not_picked":["bad_spire:optics","Mayhem"],"picked":"bad_spire:tickbox","floor":5.0},{"not_picked":["Flying Knee","Sucker Punch"],"picked":"PiercingWail","floor":6},{"not_picked":["Acrobatics","Deflect"],"picked":"Bouncing Flask","floor":8},{"not_picked":["Sucker Punch","Slice"],"picked":"Crippling Poison","floor":12},{"not_picked":["Mind Blast","bad_spire:roll"],"picked":"Good Instincts","floor":12},{"not_picked":["Underhanded Strike","Blur"],"picked":"Acrobatics","floor":13},{"not_picked":["bad_spire:touch","Metamorphosis","bad_spire:king"],"picked":"SKIP","floor":13},{"not_picked":["Concentrate","Underhanded Strike"],"picked":"Footwork","floor":14},{"not_picked":["Burst","A Thousand Cuts"],"picked":"Adrenaline","floor":16},{"not_picked":["Setup","Masterful Stab"],"picked":"Quick Slash","floor":18},{"not_picked":["The Bomb","bad_spire:cocoon"],"picked":"Finesse","floor":18},{"not_picked":["Leg Sweep","Outmaneuver"],"picked":"Poisoned Stab+1","floor":21},{"not_picked":["Impatience","bad_spire:endospore","bad_spire:tickbox"],"picked":"SKIP","floor":21},{"not_picked":["Outmaneuver","Blade Dance"],"picked":"Calculated Gamble","floor":22},{"not_picked":["bad_spire:mirror","Impatience","bad_spire:king"],"picked":"SKIP","floor":22},{"not_picked":["bad_spire:mirror","Impatience","bad_spire:king"],"picked":"SKIP","floor":22},{"not_picked":["Setup","Flying Knee"],"picked":"Adrenaline","floor":23},{"not_picked":["Dagger Throw","Deflect"],"picked":"Reflex","floor":25},{"not_picked":["Acrobatics+1","Blur","Slice+1","Reflex+1"],"picked":"SKIP","floor":28},{"not_picked":["Endless Agony","Deadly Poison","Reflex+1"],"picked":"Blur","floor":31},{"not_picked":["bad_spire:inspiration","bad_spire:photocopy","bad_spire:solution","Dark Shackles"],"picked":"SKIP","floor":31},{"not_picked":["Unload","Doppelganger","Phantasmal Killer"],"picked":"Die Die Die","floor":33},{"not_picked":["Outmaneuver+1","Dodge and Roll+1","Deflect+1"],"picked":"Footwork+1","floor":35},{"not_picked":["bad_spire:queen","Secret Weapon","bad_spire:inspiration"],"picked":"Good Instincts","floor":35},{"not_picked":["Dagger Spray+1","Riddle With Holes+1","Outmaneuver+1"],"picked":"Concentrate","floor":38},{"not_picked":["bad_spire:descent","bad_spire:backthought","bad_spire:solution"],"picked":"Flash of Steel","floor":38},{"not_picked":["All Out Attack","Acrobatics","Choke"],"picked":"Calculated Gamble","floor":40},{"not_picked":["Chrysalis","Dramatic Entrance","bad_spire:chance"],"picked":"Deep Breath","floor":40}],"player_experience":1130095,"relics_obtained":[{"floor":6,"key":"StrikeDummy"},{"floor":8,"key":"Blood Vial"},{"floor":9,"key":"Meat on the Bone"},{"floor":13,"key":"Turnip"},{"floor":23,"key":"Ancient Tea Set"},{"floor":25,"key":"Question Card"},{"floor":26,"key":"Vajra"},{"floor":40,"key":"Kunai"},{"floor":43,"key":"War Paint"}],"event_choices":[{"damage_healed":0,"gold_gain":30,"player_choice":"Searched \u00271\u0027 times","damage_taken":0,"max_hp_gain":0,"max_hp_loss":0,"event_name":"Dead Adventurer","floor":10,"gold_loss":0},{"cards_removed":["Strike_G"],"damage_healed":0,"gold_gain":0,"player_choice":"Single Remove","damage_taken":0,"max_hp_gain":0,"max_hp_loss":0,"event_name":"Designer","floor":19,"gold_loss":60},{"damage_healed":0,"gold_gain":0,"player_choice":"Upgraded","damage_taken":0,"max_hp_gain":0,"max_hp_loss":0,"event_name":"Upgrade Shrine","floor":20,"gold_loss":0,"cards_upgraded":["Noxious Fumes"]},{"damage_healed":0,"gold_gain":0,"player_choice":"Damaged","damage_taken":7,"max_hp_gain":0,"max_hp_loss":0,"event_name":"Wheel of Change","floor":27,"gold_loss":0},{"damage_healed":0,"gold_gain":0,"player_choice":"CARD POTION ","damage_taken":18,"max_hp_gain":0,"max_hp_loss":0,"event_name":"Knowing Skull","floor":30,"potions_obtained":["Ancient Potion"],"gold_loss":0,"cards_obtained":["bad_spire:queen"]},{"damage_healed":0,"gold_gain":0,"player_choice":"Forge","damage_taken":0,"max_hp_gain":0,"max_hp_loss":0,"event_name":"Accursed Blacksmith","floor":36,"gold_loss":0,"cards_upgraded":["Calculated Gamble"]}],"is_beta":false,"boss_relics":[{"not_picked":["Pandora\u0027s Box","SlaversCollar"],"picked":"Philosopher\u0027s Stone"},{"not_picked":["Runic Dome","bad_spire:prism"],"picked":"Ring of the Serpent"}],"items_purged_floors":[29,37],"is_endless":false,"potions_floor_spawned":[1,4,5,16,18,22,28,33,35],"killed_by":"Spire Growth","ascension_level":10}