{"gold_per_floor":[118,118,136,136,154,195,225,225,225,65,65,105,105],"floor_reached":13,"playtime":348,"items_purged":[],"score":182,"play_id":"3b16a6be-2a2a-4e4d-9a0f-cca5f639644d","local_time":"20230125171037","is_ascension_mode":true,"campfire_choices":[{"data":"Neutralize","floor":8,"key":"SMITH"},{"data":"Survivor","floor":11,"key":"SMITH"}],"neow_cost":"PERCENT_DAMAGE","seed_source_timestamp":54521593132800,"circlet_count":0,"master_deck":["AscendersBane","Strike_G","Strike_G","Strike_G","Defend_G","Defend_G","Defend_G","Defend_G","Defend_G","Survivor+1","Neutralize+1","Finisher","Terror","Sucker Punch","Infinite Blades","Die Die Die","Backflip"],"relics":["Ring of the Snake","Golden Idol","Darkstone Periapt","Gremlin Horn","PreservedInsect"],"potions_floor_usage":[6],"damage_taken":[{"damage":0,"enemies":"Jaw Worm","floor":1,"turns":3},{"damage":4,"enemies":"Small Slimes","floor":3,"turns":3},{"damage":0,"enemies":"2 Louse","floor":5,"turns":4},{"damage":16,"enemies":"Lagavulin","floor":6,"turns":8},{"damage":42,"enemies":"Gremlin Nob","floor":12,"turns":5},{"damage":3,"enemies":"Exordium Thugs","floor":13,"turns":2}],"seed_played":"4025420991365297515","potions_obtained":[{"floor":3,"key":"SkillPotion"}],"is_trial":false,"path_per_floor":["M","?","M","?","M","E","?","R","T","$","R","E","M"],"character_chosen":"THE_SILENT","items_purchased":["Die Die Die"],"campfire_rested":0,"item_purchase_floors":[10],"current_hp_per_floor":[44,44,40,60,60,44,44,44,44,44,44,2,0],"gold":105,"neow_bonus":"TRANSFORM_TWO_CARDS","is_prod":false,"is_daily":false,"chose_seed":false,"campfire_upgraded":2,"win_rate":0,"timestamp":1674684637,"path_taken":["M","?","M","?","M","E","?","R","T","$","R","E","M"],"build_version":"2022-12-18","purchased_purges":0,"victory":false,"max_hp_per_floor":[66,60,60,60,60,60,60,60,60,60,60,60,60],"card_choices":[{"not_picked":["Backflip","Footwork"],"picked":"Sucker Punch","floor":1},{"not_picked":["Escape Plan","Dodge and Roll"],"picked":"Infinite Blades","floor":3},{"not_picked":["Riddle With Holes","Blade Dance","Underhanded Strike"],"picked":"SKIP","floor":5},{"not_picked":["Prepared","Flying Knee","Riddle With Holes"],"picked":"SKIP","floor":6},{"not_picked":["Dodge and Roll","Blur"],"picked":"Backflip","floor":12}],"player_experience":1160516,"relics_obtained":[{"floor":6,"key":"Darkstone Periapt"},{"floor":9,"key":"Gremlin Horn"},{"floor":12,"key":"PreservedInsect"}],"event_choices":[{"damage_healed":0,"gold_gain":0,"player_choice":"Lose Max HP","damage_taken":0,"relics_obtained":["Golden Idol"],"max_hp_gain":0,"max_hp_loss":6,"event_name":"Golden Idol","floor":2,"gold_loss":0},{"damage_healed":20,"gold_gain":0,"player_choice":"Banana","damage_taken":0,"max_hp_gain":0,"max_hp_loss":0,"event_name":"Big Fish","floor":4,"gold_loss":0},{"damage_healed":0,"gold_gain":30,"player_choice":"Searched \u00272\u0027 times","damage_taken":0,"max_hp_gain":0,"max_hp_loss":0,"event_name":"Dead Adventurer","floor":7,"gold_loss":0}],"is_beta":false,"boss_relics":[],"items_purged_floors":[],"is_endless":false,"potions_floor_spawned":[3],"killed_by":"Exordium Thugs","ascension_level":20}