{"gold_per_floor":[109,120,133,150,30,30,55,55,55,91,114,23,23,46,46,137,137,153,153,153],"floor_reached":20,"playtime":799,"items_purged":["Strike_G"],"score":368,"play_id":"b6f795d8-4766-487c-b6cc-cab76171c929","local_time":"20230129164512","is_ascension_mode":true,"campfire_choices":[{"data":"Blade Dance","floor":6,"key":"SMITH"},{"floor":15,"key":"REST"}],"neow_cost":"NONE","seed_source_timestamp":398149698100900,"circlet_count":0,"master_deck":["AscendersBane","Strike_G","Strike_G","Strike_G","Defend_G","Defend_G","Defend_G","Defend_G","Defend_G","Survivor","Neutralize","Slice","Blur","Infinite Blades","Blade Dance+1","Dash","Crippling Poison","Escape Plan","Backflip","Blade Dance","Footwork","Noxious Fumes","Glass Knife","CurseOfTheBell","Predator"],"relics":["Ring of the Snake","Smiling Mask","Golden Idol","Orichalcum","Bottled Flame","Calling Bell","Blood Vial","InkBottle","Tingsha","Nilry\u0027s Codex"],"potions_floor_usage":[3,7,10,16,18],"damage_taken":[{"damage":5,"enemies":"Jaw Worm","floor":1,"turns":6},{"damage":0,"enemies":"2 Louse","floor":2,"turns":4},{"damage":0,"enemies":"Small Slimes","floor":3,"turns":4},{"damage":4,"enemies":"Blue Slaver","floor":4,"turns":6},{"damage":10,"enemies":"Lagavulin","floor":7,"turns":8},{"damage":6,"enemies":"Gremlin Nob","floor":10,"turns":4},{"damage":23,"enemies":"Exordium Thugs","floor":11,"turns":6},{"damage":0,"enemies":"3 Louse","floor":14,"turns":2},{"damage":12,"enemies":"Hexaghost","floor":16,"turns":8},{"damage":16,"enemies":"Chosen","floor":18,"turns":6},{"damage":19,"enemies":"Shell Parasite","floor":20,"turns":4}],"seed_played":"-6480307931039756476","potions_obtained":[{"floor":2,"key":"Fire Potion"},{"floor":4,"key":"Strength Potion"},{"floor":7,"key":"DistilledChaos"},{"floor":14,"key":"CultistPotion"},{"floor":16,"key":"SkillPotion"}],"is_trial":false,"path_per_floor":["M","M","M","M","$","R","E","?","T","E","M","$","?","M","R","B",null,"M","?","M"],"character_chosen":"THE_SILENT","items_purchased":["Dash","Crippling Poison","Footwork"],"campfire_rested":1,"item_purchase_floors":[5,5,12],"current_hp_per_floor":[54,54,54,50,50,50,40,40,40,34,11,11,11,11,29,17,49,35,14,0],"gold":153,"neow_bonus":"TRANSFORM_CARD","is_prod":false,"is_daily":false,"chose_seed":false,"campfire_upgraded":1,"win_rate":0,"timestamp":1675028712,"path_taken":["M","M","M","M","$","R","E","?","T","E","M","$","?","M","R","BOSS","M","?","M"],"build_version":"2022-12-18","purchased_purges":1,"victory":false,"max_hp_per_floor":[66,66,66,66,66,66,66,60,60,60,60,60,60,60,60,60,60,60,60,60],"card_choices":[{"not_picked":["Dagger Throw","PiercingWail"],"picked":"Blur","floor":1},{"not_picked":["Quick Slash","PiercingWail"],"picked":"Infinite Blades","floor":2},{"not_picked":["Eviscerate","Dodge and Roll","Dagger Throw"],"picked":"SKIP","floor":3},{"not_picked":["Concentrate","Noxious Fumes"],"picked":"Blade Dance","floor":4},{"not_picked":["Deflect","Setup"],"picked":"Escape Plan","floor":7},{"not_picked":["Dodge and Roll","Deflect"],"picked":"Backflip","floor":10},{"not_picked":["Terror","Dagger Throw"],"picked":"Blade Dance","floor":11},{"not_picked":["Outmaneuver","Deflect"],"picked":"Noxious Fumes","floor":14},{"not_picked":["Phantasmal Killer","A Thousand Cuts"],"picked":"Glass Knife","floor":16},{"not_picked":["Outmaneuver","Flying Knee"],"picked":"Predator","floor":18}],"player_experience":1191801,"relics_obtained":[{"floor":7,"key":"Smiling Mask"},{"floor":9,"key":"Orichalcum"},{"floor":10,"key":"Bottled Flame"},{"floor":17,"key":"Blood Vial"},{"floor":17,"key":"InkBottle"},{"floor":17,"key":"Tingsha"},{"floor":19,"key":"Nilry\u0027s Codex"}],"event_choices":[{"damage_healed":0,"gold_gain":0,"player_choice":"Lose Max HP","damage_taken":0,"relics_obtained":["Golden Idol"],"max_hp_gain":0,"max_hp_loss":6,"event_name":"Golden Idol","floor":8,"gold_loss":0},{"damage_healed":0,"gold_gain":0,"player_choice":"Ignored","damage_taken":0,"max_hp_gain":0,"max_hp_loss":0,"event_name":"Liars Game","floor":13,"gold_loss":0},{"damage_healed":0,"gold_gain":0,"player_choice":"Obtained Book","damage_taken":21,"max_hp_gain":0,"max_hp_loss":0,"event_name":"Cursed Tome","floor":19,"gold_loss":0}],"is_beta":false,"boss_relics":[{"not_picked":["Ectoplasm","Snecko Eye"],"picked":"Calling Bell"}],"items_purged_floors":[12],"is_endless":false,"potions_floor_spawned":[2,4,7,14,16],"killed_by":"Shell Parasite","ascension_level":20}