{"gold_per_floor":[114,133,147,147,158,190,190,201,201,201,229,229,259,276,276,371,371,356,356,367,381,151,151,51,85,85,105,105,105,121,49,49,49],"floor_reached":33,"playtime":1743,"items_purged":["Defend_G","Strike_G"],"score":312,"play_id":"33bfafe2-eafe-4d6b-ac61-dec1cb187c11","local_time":"20230205225755","is_ascension_mode":false,"campfire_choices":[{"floor":7,"key":"REST"},{"data":"Deadly Poison","floor":10,"key":"SMITH"},{"floor":15,"key":"REST"},{"data":"Prepared","floor":23,"key":"SMITH"},{"floor":32,"key":"REST"}],"neow_cost":"NONE","seed_source_timestamp":258077718588300,"circlet_count":0,"master_deck":["Strike_G","Strike_G","Strike_G+1","Defend_G+1","Defend_G","Defend_G","Defend_G","Survivor","Neutralize","Backflip","Deadly Poison","Sucker Punch","Dagger Spray","Footwork","Deadly Poison+1","Crippling Poison","Die Die Die","Bouncing Flask","Night Terror","Prepared+1","Leg Sweep","PiercingWail","Deflect","Dark Shackles","All Out Attack+1","Bane+1","Ghostly","Ghostly","Ghostly","Ghostly","Ghostly","Setup"],"relics":["Ring of the Snake","Oddly Smooth Stone","Incense Burner","Ginger","Darkstone Periapt","Runic Pyramid","Matryoshka","MealTicket","Bottled Lightning"],"potions_floor_usage":[6,6,13,16,25,25,33],"damage_taken":[{"damage":5,"enemies":"Cultist","floor":1,"turns":6},{"damage":10,"enemies":"Small Slimes","floor":2,"turns":5},{"damage":0,"enemies":"Jaw Worm","floor":3,"turns":6},{"damage":6,"enemies":"Red Slaver","floor":5,"turns":4},{"damage":15,"enemies":"Lagavulin","floor":6,"turns":8},{"damage":0,"enemies":"Blue Slaver","floor":8,"turns":5},{"damage":9,"enemies":"3 Sentries","floor":11,"turns":8},{"damage":12,"enemies":"Lagavulin","floor":13,"turns":5},{"damage":0,"enemies":"3 Louse","floor":14,"turns":1},{"damage":35,"enemies":"Slime Boss","floor":16,"turns":7},{"damage":11,"enemies":"2 Thieves","floor":18,"turns":4},{"damage":11,"enemies":"Shell Parasite","floor":20,"turns":6},{"damage":12,"enemies":"Snecko","floor":21,"turns":7},{"damage":19,"enemies":"Gremlin Leader","floor":25,"turns":8},{"damage":0,"enemies":"Snake Plant","floor":27,"turns":6},{"damage":9,"enemies":"3 Cultists","floor":30,"turns":7},{"damage":68,"enemies":"Automaton","floor":33,"turns":12}],"seed_played":"323786385144622456","potions_obtained":[{"floor":3,"key":"Fire Potion"},{"floor":5,"key":"EssenceOfSteel"},{"floor":11,"key":"CunningPotion"},{"floor":12,"key":"BlessingOfTheForge"},{"floor":12,"key":"FairyPotion"},{"floor":12,"key":"CultistPotion"},{"floor":16,"key":"SteroidPotion"},{"floor":18,"key":"CunningPotion"},{"floor":27,"key":"DistilledChaos"}],"is_trial":false,"path_per_floor":["M","M","M","?","M","E","R","M","T","R","E","?","E","M","R","B",null,"M","?","M","M","$","R","$","E","T","M","?","?","M","$","R","B"],"character_chosen":"THE_SILENT","items_purchased":["PiercingWail","Deflect","Dark Shackles","Setup"],"campfire_rested":3,"item_purchase_floors":[22,22,22,31],"current_hp_per_floor":[65,55,55,41,35,20,41,41,41,41,32,32,20,20,41,6,70,59,59,48,36,36,36,36,17,17,17,17,17,8,23,33,0],"gold":49,"neow_bonus":"REMOVE_CARD","is_prod":false,"is_daily":false,"chose_seed":false,"campfire_upgraded":2,"win_rate":0,"timestamp":1675655875,"path_taken":["M","M","?","?","M","E","R","M","T","R","E","?","E","?","R","BOSS","M","?","M","M","$","R","$","E","T","M","?","?","M","?","R","BOSS"],"build_version":"2022-12-18","purchased_purges":2,"victory":false,"max_hp_per_floor":[70,70,70,70,70,70,70,70,70,70,70,70,70,70,70,70,70,70,70,70,70,70,70,70,70,70,70,35,35,35,35,35,35],"card_choices":[{"not_picked":["Quick Slash","Escape Plan"],"picked":"Backflip","floor":1},{"not_picked":["Reflex","Prepared"],"picked":"Deadly Poison","floor":2},{"not_picked":["Cloak And Dagger","Reflex"],"picked":"Sucker Punch","floor":3},{"not_picked":["Deflect","Riddle With Holes"],"picked":"Dagger Spray","floor":5},{"not_picked":["Acrobatics","Bane"],"picked":"Footwork","floor":6},{"not_picked":["Deflect","Bane"],"picked":"Deadly Poison","floor":8},{"not_picked":["Well Laid Plans","Deadly Poison"],"picked":"Crippling Poison","floor":11},{"not_picked":["Blade Dance","Concentrate"],"picked":"Die Die Die","floor":13},{"not_picked":["Blade Dance","Finisher"],"picked":"Bouncing Flask","floor":14},{"not_picked":["Storm of Steel","Wraith Form v2"],"picked":"Night Terror","floor":16},{"not_picked":["Slice","Quick Slash","Outmaneuver+1"],"picked":"SKIP","floor":18},{"not_picked":["Sucker Punch","Crippling Poison+1"],"picked":"Prepared","floor":20},{"not_picked":["Cloak And Dagger","Outmaneuver"],"picked":"Leg Sweep","floor":21},{"not_picked":["Underhanded Strike","Dagger Spray"],"picked":"All Out Attack+1","floor":25},{"not_picked":["Skewer+1","Blade Dance+1"],"picked":"Bane+1","floor":27},{"not_picked":["Dagger Throw+1","Endless Agony+1","Dodge and Roll"],"picked":"SKIP","floor":30}],"player_experience":1256084,"relics_obtained":[{"floor":6,"key":"Oddly Smooth Stone"},{"floor":9,"key":"Incense Burner"},{"floor":11,"key":"Ginger"},{"floor":13,"key":"Darkstone Periapt"},{"floor":25,"key":"Matryoshka"},{"floor":26,"key":"MealTicket"},{"floor":26,"key":"Bottled Lightning"}],"event_choices":[{"damage_healed":0,"gold_gain":0,"player_choice":"Entered Light","damage_taken":14,"max_hp_gain":0,"max_hp_loss":0,"event_name":"Shining Light","floor":4,"gold_loss":0,"cards_upgraded":["Defend_G","Strike_G"]},{"damage_healed":0,"gold_gain":0,"player_choice":"Got Potions","damage_taken":0,"max_hp_gain":0,"max_hp_loss":0,"event_name":"Lab","floor":12,"gold_loss":0},{"cards_removed":["Night Terror"],"damage_healed":0,"gold_gain":0,"player_choice":"Give","damage_taken":0,"max_hp_gain":0,"max_hp_loss":0,"event_name":"betterNote:BetterNote","floor":19,"gold_loss":0,"cards_obtained":["Strike_G"]},{"damage_healed":0,"gold_gain":0,"player_choice":"Became a Ghost","damage_taken":0,"max_hp_gain":0,"max_hp_loss":35,"event_name":"Ghosts","floor":28,"gold_loss":0,"cards_obtained":["Ghostly","Ghostly","Ghostly","Ghostly","Ghostly"]},{"damage_healed":0,"gold_gain":0,"player_choice":"Ignored","damage_taken":0,"max_hp_gain":0,"max_hp_loss":0,"event_name":"Cursed Tome","floor":29,"gold_loss":0}],"is_beta":false,"boss_relics":[{"not_picked":["Snecko Eye","Sozu"],"picked":"Runic Pyramid"}],"items_purged_floors":[22,24],"is_endless":false,"potions_floor_spawned":[3,5,11,16,18,27],"killed_by":"Automaton","ascension_level":0}