{"gold_per_floor":[111,130,147,147,157,171,137,137,190,265,279,279,294,324,324,429,429,447,315,315,329,341,341],"floor_reached":23,"playtime":1501,"items_purged":[],"score":197,"play_id":"71bf8661-941e-47ee-bc16-f3aafe911b26","local_time":"20230205180657","is_ascension_mode":false,"campfire_choices":[{"data":"Footwork","floor":8,"key":"SMITH"},{"data":"Leg Sweep","floor":12,"key":"SMITH"},{"floor":15,"key":"REST"}],"neow_cost":"NONE","seed_source_timestamp":240862026588400,"circlet_count":0,"master_deck":["Strike_G","Strike_G","Defend_G","Defend_G+1","Defend_G+1","Defend_G","Survivor","Neutralize","Prepared","Blade Dance","Footwork+1","Predator","Poisoned Stab","Backstab","Leg Sweep+1","Cloak And Dagger","Cloak And Dagger","Adrenaline","Flechettes+1","Quick Slash+1","Blur+1","Deadly Poison+1","Backflip","Blur","Barricade+1","Dagger Spray","Acrobatics"],"relics":["Ring of the Snake","War Paint","Omamori","Anchor","Astrolabe"],"potions_floor_usage":[6,14,14,16,22,23,23],"damage_taken":[{"damage":0,"enemies":"2 Louse","floor":1,"turns":4},{"damage":0,"enemies":"Small Slimes","floor":2,"turns":5},{"damage":0,"enemies":"Cultist","floor":3,"turns":3},{"damage":3,"enemies":"Looter","floor":5,"turns":4},{"damage":0,"enemies":"Large Slime","floor":6,"turns":2},{"damage":2,"enemies":"Exordium Thugs","floor":7,"turns":5},{"damage":0,"enemies":"3 Louse","floor":11,"turns":2},{"damage":1,"enemies":"Blue Slaver","floor":13,"turns":3},{"damage":18,"enemies":"Lagavulin","floor":14,"turns":7},{"damage":26,"enemies":"The Guardian","floor":16,"turns":20},{"damage":0,"enemies":"3 Byrds","floor":18,"turns":5},{"damage":0,"enemies":"Chosen","floor":21,"turns":6},{"damage":22,"enemies":"Sentry and Sphere","floor":22,"turns":10},{"damage":54,"enemies":"Gremlin Leader","floor":23,"turns":12}],"seed_played":"4890577904727533452","potions_obtained":[{"floor":1,"key":"CunningPotion"},{"floor":3,"key":"ColorlessPotion"},{"floor":11,"key":"Weak Potion"},{"floor":13,"key":"Energy Potion"},{"floor":14,"key":"Ancient Potion"},{"floor":16,"key":"SneckoOil"},{"floor":21,"key":"AttackPotion"},{"floor":22,"key":"Swift Potion"}],"is_trial":false,"path_per_floor":["M","M","M","?","M","M","M","R","T","?","M","R","M","E","R","B",null,"M","$","?","M","M","E"],"character_chosen":"THE_SILENT","items_purchased":["Backflip","Blur"],"campfire_rested":1,"item_purchase_floors":[19,19],"current_hp_per_floor":[70,70,70,63,60,60,58,58,58,47,47,47,46,28,49,23,70,70,70,70,70,48,0],"gold":341,"neow_bonus":"RANDOM_COMMON_RELIC","is_prod":false,"is_daily":false,"chose_seed":false,"campfire_upgraded":2,"win_rate":0,"timestamp":1675638417,"path_taken":["M","M","M","?","M","M","M","R","T","?","M","R","M","E","R","BOSS","M","$","?","?","M","E"],"build_version":"2022-12-18","purchased_purges":0,"victory":false,"max_hp_per_floor":[70,70,70,70,70,70,70,70,70,70,70,70,70,70,70,70,70,70,70,70,70,70,70],"card_choices":[{"not_picked":["Setup","Quick Slash"],"picked":"Prepared","floor":1},{"not_picked":["PiercingWail","Dagger Spray"],"picked":"Blade Dance","floor":2},{"not_picked":["Heel Hook","Adrenaline"],"picked":"Footwork","floor":3},{"not_picked":["Outmaneuver","Bouncing Flask"],"picked":"Predator","floor":5},{"not_picked":["Slice","Leg Sweep"],"picked":"Poisoned Stab","floor":6},{"not_picked":["Distraction","Masterful Stab"],"picked":"Backstab","floor":7},{"not_picked":["Slice","Backstab"],"picked":"Leg Sweep","floor":11},{"not_picked":["Dagger Throw","Underhanded Strike"],"picked":"Cloak And Dagger","floor":13},{"not_picked":["Infinite Blades","Bullet Time"],"picked":"Cloak And Dagger","floor":14},{"not_picked":["Unload","Die Die Die"],"picked":"Adrenaline","floor":16},{"not_picked":["Cloak And Dagger","Underhanded Strike"],"picked":"Deadly Poison+1","floor":18},{"not_picked":["Deadly Poison","Dagger Throw"],"picked":"Dagger Spray","floor":21},{"not_picked":["Dagger Spray+1","Deadly Poison+1"],"picked":"Acrobatics","floor":22}],"player_experience":1254583,"relics_obtained":[{"floor":9,"key":"Omamori"},{"floor":14,"key":"Anchor"}],"event_choices":[{"cards_removed":["Strike_G"],"damage_healed":0,"gold_gain":0,"player_choice":"Card Removal","damage_taken":7,"max_hp_gain":0,"max_hp_loss":0,"event_name":"Golden Wing","floor":4,"gold_loss":0},{"damage_healed":0,"gold_gain":75,"player_choice":"Gather Gold","damage_taken":11,"max_hp_gain":0,"max_hp_loss":0,"event_name":"World of Goop","floor":10,"gold_loss":0},{"cards_removed":["Strike_G"],"damage_healed":0,"gold_gain":0,"player_choice":"Take \u0026 Give","damage_taken":0,"max_hp_gain":0,"max_hp_loss":0,"event_name":"betterNote:BetterNote","floor":20,"gold_loss":0,"cards_obtained":["Barricade"]}],"is_beta":false,"boss_relics":[{"not_picked":["Empty Cage","Black Star"],"picked":"Astrolabe"}],"items_purged_floors":[],"is_endless":false,"potions_floor_spawned":[1,3,11,13,14,16,21,22],"killed_by":"Gremlin Leader","ascension_level":0}