{"gold_per_floor":[110,123,141,18,0,0,29,29,29,4,4,38,58,6,6,105,105,117,38,54,54,54,86,86,112,112,112,112,112,112,30,30,126,126,144,144,21,34,60,94,108,108,108,125,25,25,40,53,53,53],"floor_reached":51,"playtime":4361,"items_purged":["Strike_G","Defend_G"],"score":844,"play_id":"fc468ea6-a504-4957-b12d-adfa9cfa7fde","local_time":"20230129163124","is_ascension_mode":false,"campfire_choices":[{"data":"Blade Dance","floor":6.0,"key":"SMITH"},{"floor":15.0,"key":"REST"},{"data":"After Image","floor":24,"key":"SMITH"},{"floor":28,"key":"REST"},{"data":"Dodge and Roll","floor":30,"key":"SMITH"},{"floor":32,"key":"REST"},{"floor":42,"key":"REST"},{"floor":49,"key":"REST"}],"neow_cost":"NONE","seed_source_timestamp":0,"circlet_count":0,"master_deck":["Strike_G","Defend_G","Defend_G","Defend_G","Survivor","Neutralize","Dash","Quick Slash","Dagger Throw","Blur","Dagger Spray","Blade Dance+1","Corpse Explosion","Acrobatics","Footwork","Reflex","Prepared","After Image+1","Well Laid Plans+1","Expertise+1","Catalyst+1","Footwork+1","Cloak And Dagger","Finisher","PiercingWail","Dodge and Roll+1","Barricade+1","Purity","Caltrops","Prepared","Cloak And Dagger+1","Blade Dance","Slice","Noxious Fumes+1","Noxious Fumes+1","Terror+1"],"special_seed":0,"relics":["Ring of the Snake","NeowsBlessing","Dead Branch","Tough Bandages","Astrolabe","Vajra","Unceasing Top","Thread and Needle","Fusion Hammer","Dream Catcher","Bag of Preparation","Peace Pipe"],"potions_floor_usage":[23,25,50,50],"damage_taken":[{"damage":0.0,"enemies":"2 Louse","floor":1.0,"turns":1.0},{"damage":0.0,"enemies":"Small Slimes","floor":2.0,"turns":1.0},{"damage":0.0,"enemies":"Jaw Worm","floor":3.0,"turns":1.0},{"damage":0.0,"enemies":"Looter","floor":5.0,"turns":4.0},{"damage":10.0,"enemies":"3 Sentries","floor":7.0,"turns":4.0},{"damage":18.0,"enemies":"Lagavulin","floor":12.0,"turns":6.0},{"damage":0.0,"enemies":"Large Slime","floor":13.0,"turns":7.0},{"damage":11.0,"enemies":"Slime Boss","floor":16.0,"turns":8.0},{"damage":1.0,"enemies":"Chosen","floor":18.0,"turns":8.0},{"damage":6,"enemies":"3 Byrds","floor":20,"turns":4},{"damage":53,"enemies":"Gremlin Leader","floor":23,"turns":11},{"damage":0,"enemies":"Slavers","floor":25,"turns":2},{"damage":0,"enemies":"Champ","floor":33,"turns":13},{"damage":0,"enemies":"3 Darklings","floor":35,"turns":6},{"damage":0,"enemies":"Orb Walker","floor":38,"turns":5},{"damage":19,"enemies":"Nemesis","floor":40,"turns":9},{"damage":0,"enemies":"3 Darklings","floor":41,"turns":6},{"damage":21,"enemies":"Jaw Worm Horde","floor":44,"turns":7},{"damage":6,"enemies":"Transient","floor":47,"turns":5},{"damage":10,"enemies":"4 Shapes","floor":48,"turns":5},{"damage":0,"enemies":"Donu and Deca","floor":50,"turns":8}],"seed_played":"1361133812559804544","potions_obtained":[{"floor":3.0,"key":"AttackPotion"},{"floor":12.0,"key":"FearPotion"},{"floor":18,"key":"Regen Potion"},{"floor":23,"key":"SneckoOil"},{"floor":35,"key":"Fire Potion"},{"floor":38,"key":"SpeedPotion"},{"floor":47,"key":"SpeedPotion"}],"is_trial":false,"path_per_floor":["M","M","M","$","M","R","E","?","T","$","?","E","M","$","R","B",null,"M","$","M","$","?","E","R","E","T","?","R","?","R","$","R","B",null,"M","?","$","M","T","E","M","R","T","M","$","?","M","M","R","B",null],"character_chosen":"THE_SILENT","items_purchased":["Blur","Dagger Spray","Acrobatics","Prepared","Cloak And Dagger","Finisher","Purity","Prepared"],"campfire_rested":5,"item_purchase_floors":[4,4,10,14,19,19,31,37],"current_hp_per_floor":[70,70,70,70,70,70,60,53,53,53,53,35,35,35,56,45,70,69,69,63,63,63,25,25,25,25,25,46,46,46,46,67,67,70,70,70,70,70,70,51,51,70,70,49,49,49,43,33,54,54],"gold":53,"neow_bonus":"THREE_ENEMY_KILL","is_prod":false,"is_daily":false,"chose_seed":false,"campfire_upgraded":3,"win_rate":0,"timestamp":1675027884,"path_taken":["M","M","M","$","M","R","E","?","T","$","?","E","M","?","R","BOSS","M","$","M","$","?","E","R","E","T","?","R","?","R","?","R","BOSS","M","?","$","M","?","E","M","R","T","?","?","?","?","M","R","BOSS"],"build_version":"2022-12-18","purchased_purges":2,"victory":true,"max_hp_per_floor":[70,70,70,70,70,70,70,70,70,70,70,70,70,70,70,70,70,70,70,70,70,70,70,70,70,70,70,70,70,70,70,70,70,70,70,70,70,70,70,70,70,70,70,70,70,70,70,70,70,70],"card_choices":[{"not_picked":["Flying Knee","Expertise"],"picked":"Dash","floor":1.0},{"not_picked":["Bane","Dodge and Roll"],"picked":"Quick Slash","floor":2.0},{"not_picked":["Flying Knee","Quick Slash"],"picked":"Dagger Throw","floor":3.0},{"not_picked":["Dagger Throw","Crippling Poison"],"picked":"Blade Dance","floor":5.0},{"not_picked":["PiercingWail","Footwork"],"picked":"Corpse Explosion","floor":7.0},{"not_picked":["Dodge and Roll","Cloak And Dagger"],"picked":"Footwork","floor":12.0},{"not_picked":["Deadly Poison","Acrobatics"],"picked":"Reflex","floor":13.0},{"not_picked":["A Thousand Cuts","Night Terror"],"picked":"After Image","floor":16.0},{"not_picked":["Blade Dance+1","Deflect"],"picked":"Footwork","floor":18},{"not_picked":["Distraction","Finisher","Dagger Spray"],"picked":"SKIP","floor":20},{"not_picked":["Underhanded Strike+1","Leg Sweep"],"picked":"PiercingWail","floor":23},{"not_picked":["Deflect","Sucker Punch+1"],"picked":"Dodge and Roll","floor":25},{"not_picked":["Quick Slash","Sucker Punch"],"picked":"Caltrops","floor":35},{"not_picked":["Backflip","Deflect+1"],"picked":"Cloak And Dagger+1","floor":38},{"not_picked":["Bane+1","Catalyst+1"],"picked":"Blade Dance","floor":40},{"not_picked":["Slice+1","Bane"],"picked":"Endless Agony+1","floor":41},{"not_picked":["Underhanded Strike+1","Catalyst+1"],"picked":"Slice","floor":44},{"not_picked":["Flechettes","All Out Attack"],"picked":"Noxious Fumes+1","floor":47},{"not_picked":["Leg Sweep","Deadly Poison"],"picked":"Noxious Fumes+1","floor":48},{"not_picked":["Expertise+1","Slice+1"],"picked":"Terror+1","floor":49}],"player_experience":1187440,"relics_obtained":[{"floor":7.0,"key":"Dead Branch"},{"floor":12.0,"key":"Tough Bandages"},{"floor":23,"key":"Vajra"},{"floor":25,"key":"Unceasing Top"},{"floor":26,"key":"Thread and Needle"},{"floor":39,"key":"Dream Catcher"},{"floor":40,"key":"Bag of Preparation"},{"floor":43,"key":"Peace Pipe"}],"event_choices":[{"cards_removed":["Strike_G"],"damage_healed":0.0,"max_hp_gain":0.0,"max_hp_loss":0.0,"gold_gain":0.0,"event_name":"Golden Wing","player_choice":"Card Removal","floor":8.0,"gold_loss":0.0,"damage_taken":7.0},{"damage_healed":0.0,"max_hp_gain":0.0,"max_hp_loss":0.0,"gold_gain":0.0,"event_name":"Liars Game","player_choice":"Ignored","floor":11.0,"gold_loss":0.0,"damage_taken":0.0},{"damage_healed":0,"gold_gain":0,"player_choice":"Upgraded","damage_taken":0,"max_hp_gain":0,"max_hp_loss":0,"event_name":"Upgrade Shrine","floor":22,"gold_loss":0,"cards_upgraded":["Footwork"]},{"cards_removed":["Well Laid Plans"],"damage_healed":0,"gold_gain":0,"player_choice":"Take \u0026 Give","damage_taken":0,"max_hp_gain":0,"max_hp_loss":0,"event_name":"betterNote:BetterNote","floor":27,"gold_loss":0,"cards_obtained":["Barricade"]},{"damage_healed":0,"gold_gain":0,"player_choice":"Ignored","damage_taken":0,"max_hp_gain":0,"max_hp_loss":0,"event_name":"Vampires","floor":29,"gold_loss":0},{"damage_healed":0,"gold_gain":0,"player_choice":"Ignored","damage_taken":0,"max_hp_gain":0,"max_hp_loss":0,"event_name":"Tomb of Lord Red Mask","floor":36,"gold_loss":0},{"cards_removed":["Endless Agony"],"damage_healed":0,"gold_gain":0,"player_choice":"Removed Attack","damage_taken":0,"max_hp_gain":0,"max_hp_loss":0,"event_name":"Falling","floor":46,"gold_loss":0}],"is_beta":false,"boss_relics":[{"not_picked":["Sozu","Cursed Key"],"picked":"Astrolabe"},{"not_picked":["HoveringKite","Tiny House"],"picked":"Fusion Hammer"}],"items_purged_floors":[37,45],"is_endless":false,"potions_floor_spawned":[3,12,18,23,35,38,44,47],"ascension_level":0}