{"gold_per_floor":[110,122,132,132,132,132,166,185,185,14,14,49,61,78,78,154,154,166,186,186],"floor_reached":20,"playtime":993,"items_purged":[],"score":372,"play_id":"6f8f1194-1479-4bba-b4f8-e68ec66d5c13","local_time":"20230202100911","is_ascension_mode":true,"campfire_choices":[{"floor":6,"key":"REST"},{"floor":11,"key":"REST"},{"floor":15,"key":"REST"}],"neow_cost":"NONE","seed_source_timestamp":1657300943700,"circlet_count":0,"master_deck":["AscendersBane","Strike_G","Strike_G","Strike_G","Strike_G","Strike_G","Defend_G","Defend_G","Defend_G","Defend_G","Defend_G","Survivor","Neutralize","Corpse Explosion","Backflip","Quick Slash","Acrobatics","Bouncing Flask","Cloak And Dagger","Unload","Reflex","Bane","Underhanded Strike","Underhanded Strike","Venomology","Deflect+1","Poisoned Stab","Blade Dance","Backflip"],"relics":["Ring of the Snake","CaptainsWheel","StoneCalendar","Pocketwatch","TheAbacus","Prayer Wheel","WristBlade"],"potions_floor_usage":[7,8,16,19,20],"damage_taken":[{"damage":0,"enemies":"2 Louse","floor":1,"turns":2},{"damage":7,"enemies":"Small Slimes","floor":2,"turns":4},{"damage":0,"enemies":"Cultist","floor":3,"turns":4},{"damage":34,"enemies":"Gremlin Nob","floor":7,"turns":6},{"damage":12,"enemies":"Exordium Wildlife","floor":8,"turns":3},{"damage":6,"enemies":"3 Sentries","floor":12,"turns":6},{"damage":0,"enemies":"Lots of Slimes","floor":13,"turns":1},{"damage":5,"enemies":"Large Slime","floor":14,"turns":6},{"damage":13,"enemies":"The Guardian","floor":16,"turns":10},{"damage":14,"enemies":"3 Byrds","floor":18,"turns":4},{"damage":14,"enemies":"Spheric Guardian","floor":19,"turns":6},{"damage":29,"enemies":"Masked Bandits","floor":20,"turns":2}],"seed_played":"40830537837398455","potions_obtained":[{"floor":3,"key":"SkillPotion"},{"floor":7,"key":"Weak Potion"},{"floor":13,"key":"Weak Potion"}],"is_trial":false,"path_per_floor":["M","M","M","?","?","R","E","M","T","$","R","E","M","M","R","B",null,"M","M","?"],"character_chosen":"THE_SILENT","items_purchased":["TheAbacus"],"campfire_rested":3,"item_purchase_floors":[10],"current_hp_per_floor":[59,52,52,34,34,53,19,7,7,7,26,20,20,15,34,21,55,41,27,0],"gold":186,"neow_bonus":"ONE_RANDOM_RARE_CARD","is_prod":false,"is_daily":false,"chose_seed":false,"campfire_upgraded":0,"win_rate":0,"timestamp":1675350551,"path_taken":["M","M","M","?","?","R","E","M","T","$","R","E","M","M","R","BOSS","M","M","?"],"build_version":"2022-12-18","purchased_purges":0,"victory":false,"max_hp_per_floor":[66,66,66,66,66,66,66,66,66,66,66,66,66,66,66,66,66,66,66,66],"card_choices":[{"not_picked":["Reflex","Dodge and Roll"],"picked":"Backflip","floor":1},{"not_picked":["Catalyst","Quick Slash","Bane"],"picked":"SKIP","floor":2},{"not_picked":["Catalyst","Bane"],"picked":"Quick Slash","floor":2},{"not_picked":["Underhanded Strike","Distraction"],"picked":"Acrobatics","floor":3},{"not_picked":["Deflect","Well Laid Plans"],"picked":"Bouncing Flask","floor":7},{"not_picked":["Dagger Throw","Noxious Fumes"],"picked":"Cloak And Dagger","floor":8},{"not_picked":["Dagger Spray","Dodge and Roll"],"picked":"Unload","floor":12},{"not_picked":["Backflip","Flying Knee"],"picked":"Reflex","floor":13},{"not_picked":["Sucker Punch","Prepared"],"picked":"Bane","floor":13},{"not_picked":["Masterful Stab","Quick Slash"],"picked":"Underhanded Strike","floor":14},{"not_picked":["Expertise","Backflip"],"picked":"Underhanded Strike","floor":14},{"not_picked":["Grand Finale","Bullet Time"],"picked":"Venomology","floor":16},{"not_picked":["Backflip","Sucker Punch"],"picked":"Deflect+1","floor":18},{"not_picked":["Flying Knee","Heel Hook+1"],"picked":"Poisoned Stab","floor":18},{"not_picked":["Bane","Setup"],"picked":"Blade Dance","floor":19},{"not_picked":["Sucker Punch","Blur"],"picked":"Backflip","floor":19}],"player_experience":1219507,"relics_obtained":[{"floor":7,"key":"StoneCalendar"},{"floor":9,"key":"Pocketwatch"},{"floor":12,"key":"Prayer Wheel"}],"event_choices":[{"damage_healed":0,"gold_gain":0,"player_choice":"Success","damage_taken":18,"relics_obtained":["CaptainsWheel"],"max_hp_gain":0,"max_hp_loss":0,"event_name":"Scrap Ooze","floor":4,"gold_loss":0},{"damage_healed":0,"gold_gain":0,"player_choice":"Ignored","damage_taken":0,"max_hp_gain":0,"max_hp_loss":0,"event_name":"Liars Game","floor":5,"gold_loss":0},{"damage_healed":0,"gold_gain":0,"player_choice":"Fought Bandits","damage_taken":0,"max_hp_gain":0,"max_hp_loss":0,"event_name":"Masked Bandits","floor":20,"gold_loss":0}],"is_beta":false,"boss_relics":[{"not_picked":["Runic Dome","Sozu"],"picked":"WristBlade"}],"items_purged_floors":[],"is_endless":false,"potions_floor_spawned":[3,7,13],"killed_by":"Masked Bandits","ascension_level":20}