{"gold_per_floor":[219,230,230,230,247,282,282,266,266,284,294,319,337,354,354,455,455,470,470,487,499,82,82,82,82,105,105,124,124,142,158,158,256,256,267,267,280,300,319,319,339,356,381,381,410,430,141,154,154,154],"floor_reached":51,"playtime":2600,"items_purged":["Strike_G"],"score":724,"play_id":"d663de7f-75f4-4f48-b313-26ab9e3eab7a","local_time":"20230207182536","is_ascension_mode":false,"campfire_choices":[{"floor":7,"key":"REST"},{"data":"1","floor":15,"key":"LIFT"},{"data":"Adrenaline","floor":23,"key":"SMITH"},{"data":"Blade Dance","floor":25,"key":"SMITH"},{"data":"Flash of Steel","floor":27,"key":"SMITH"},{"floor":32,"key":"REST"},{"data":"2","floor":40,"key":"LIFT"},{"data":"3","floor":49,"key":"LIFT"}],"neow_cost":"NONE","seed_source_timestamp":136015839848100,"circlet_count":0,"master_deck":["Survivor","Neutralize","PiercingWail","Acrobatics","Deadly Poison","Leg Sweep","Blade Dance+1","Bouncing Flask","Adrenaline+1","Footwork","Sucker Punch","Backflip","Cloak And Dagger+1","Escape Plan","Slice","Flash of Steel+1","Bane","Backstab","Adrenaline+1","Well Laid Plans","Dodge and Roll+1","Unload","Blur","Calculated Gamble","Eviscerate","Slice","Sucker Punch","Prepared","Die Die Die","Flying Knee","Acrobatics","Masterful Stab","Envenom","Terror","Cloak And Dagger","Backflip","Panache","Catalyst","Acrobatics+1"],"relics":["Ring of the Snake","Girya","Meat on the Bone","White Beast Statue","WristBlade","TwistedFunnel","Orichalcum","Pandora\u0027s Box","Bag of Preparation","Peace Pipe","Tough Bandages"],"potions_floor_usage":[11,12,18,33,33,33,38,39,41,41,50,50,50],"damage_taken":[{"damage":2,"enemies":"Small Slimes","floor":1,"turns":6},{"damage":2,"enemies":"Jaw Worm","floor":2,"turns":6},{"damage":1,"enemies":"Cultist","floor":5,"turns":4},{"damage":38,"enemies":"3 Sentries","floor":6,"turns":12},{"damage":0,"enemies":"Exordium Thugs","floor":8,"turns":4},{"damage":14,"enemies":"Lots of Slimes","floor":10,"turns":6},{"damage":4,"enemies":"3 Louse","floor":11,"turns":3},{"damage":8,"enemies":"Lagavulin","floor":12,"turns":6},{"damage":2,"enemies":"Large Slime","floor":13,"turns":10},{"damage":2,"enemies":"Red Slaver","floor":14,"turns":4},{"damage":11,"enemies":"Hexaghost","floor":16,"turns":10},{"damage":3,"enemies":"Spheric Guardian","floor":18,"turns":7},{"damage":3,"enemies":"3 Byrds","floor":20,"turns":5},{"damage":16,"enemies":"Snake Plant","floor":21,"turns":5},{"damage":0,"enemies":"Snecko","floor":28,"turns":3},{"damage":0,"enemies":"Cultist and Chosen","floor":30,"turns":3},{"damage":0,"enemies":"Snake Plant","floor":31,"turns":4},{"damage":8,"enemies":"Automaton","floor":33,"turns":5},{"damage":1,"enemies":"3 Shapes","floor":35,"turns":4},{"damage":0,"enemies":"3 Darklings","floor":37,"turns":3},{"damage":0,"enemies":"Spire Growth","floor":38,"turns":2},{"damage":2,"enemies":"Writhing Mass","floor":39,"turns":4},{"damage":0,"enemies":"Transient","floor":41,"turns":5},{"damage":0,"enemies":"4 Shapes","floor":42,"turns":4},{"damage":13,"enemies":"Nemesis","floor":45,"turns":5},{"damage":0,"enemies":"Writhing Mass","floor":46,"turns":4},{"damage":0,"enemies":"Jaw Worm Horde","floor":48,"turns":1},{"damage":17,"enemies":"Donu and Deca","floor":50,"turns":6}],"seed_played":"3963143301401657747","potions_obtained":[{"floor":10,"key":"Regen Potion"},{"floor":11,"key":"EssenceOfSteel"},{"floor":12,"key":"Swift Potion"},{"floor":13,"key":"SteroidPotion"},{"floor":14,"key":"LiquidBronze"},{"floor":18,"key":"EssenceOfSteel"},{"floor":30,"key":"CunningPotion"},{"floor":33,"key":"FairyPotion"},{"floor":35,"key":"Fire Potion"},{"floor":37,"key":"Explosive Potion"},{"floor":38,"key":"SpeedPotion"},{"floor":39,"key":"DuplicationPotion"},{"floor":41,"key":"PowerPotion"},{"floor":42,"key":"AttackPotion"},{"floor":45,"key":"CunningPotion"}],"is_trial":false,"path_per_floor":["M","M","?","?","M","E","R","M","T","M","M","E","M","M","R","B",null,"M","?","M","M","$","R","$","R","T","R","M","?","M","M","R","B",null,"M","?","M","M","M","R","M","M","T","?","E","M","$","M","R","B",null],"character_chosen":"THE_SILENT","items_purchased":["Slice","Flash of Steel","TwistedFunnel","Bane","Tough Bandages"],"campfire_rested":2,"item_purchase_floors":[22,22,22,22,47],"current_hp_per_floor":[68,66,66,66,65,27,48,48,48,46,51,43,41,39,39,40,70,67,67,64,48,48,48,48,48,48,48,48,48,48,48,69,61,70,69,69,69,69,67,67,67,67,67,67,54,54,54,54,54,37],"gold":154,"neow_bonus":"HUNDRED_GOLD","is_prod":false,"is_daily":false,"chose_seed":false,"campfire_upgraded":3,"win_rate":0,"timestamp":1675812336,"path_taken":["M","M","?","?","M","E","R","M","T","M","M","E","?","M","R","BOSS","M","?","?","M","$","R","$","R","T","R","M","?","?","M","R","BOSS","M","?","M","M","M","R","M","?","T","?","E","M","$","M","R","BOSS"],"build_version":"2022-12-18","purchased_purges":1,"victory":true,"max_hp_per_floor":[70,70,70,70,70,70,70,70,70,70,70,70,70,70,70,70,70,70,70,70,70,70,70,70,70,70,70,70,70,70,70,70,70,70,70,70,70,70,70,70,70,70,70,70,70,70,70,70,70,70],"card_choices":[{"not_picked":["Dagger Throw","Dagger Spray"],"picked":"PiercingWail","floor":1},{"not_picked":["Poisoned Stab","Dodge and Roll"],"picked":"Acrobatics","floor":2},{"not_picked":["Dagger Spray","Slice"],"picked":"Deadly Poison","floor":5},{"not_picked":["Quick Slash","Malaise"],"picked":"Leg Sweep","floor":6},{"not_picked":["Well Laid Plans","Poisoned Stab"],"picked":"Blade Dance","floor":8},{"not_picked":["Dodge and Roll","Prepared","Acrobatics"],"picked":"SKIP","floor":10},{"not_picked":["Cloak And Dagger","Flying Knee"],"picked":"Bouncing Flask","floor":11},{"not_picked":["Well Laid Plans","PiercingWail"],"picked":"Adrenaline","floor":12},{"not_picked":["Flying Knee","Bane"],"picked":"Footwork","floor":13},{"not_picked":["PiercingWail","Concentrate"],"picked":"Sucker Punch","floor":14},{"not_picked":["Dagger Throw","Prepared"],"picked":"Backflip","floor":18},{"not_picked":["Prepared","Blur"],"picked":"Cloak And Dagger+1","floor":20},{"not_picked":["Blur","Underhanded Strike"],"picked":"Escape Plan","floor":21},{"not_picked":["Riddle With Holes","Bane"],"picked":"Backstab","floor":28},{"not_picked":["PiercingWail","Backflip+1"],"picked":"Well Laid Plans","floor":30},{"not_picked":["Outmaneuver+1","Setup"],"picked":"Dodge and Roll+1","floor":31},{"not_picked":["A Thousand Cuts","Phantasmal Killer"],"picked":"Unload","floor":33},{"not_picked":["Deflect","Cloak And Dagger+1"],"picked":"Acrobatics","floor":35},{"not_picked":["Leg Sweep+1","Dagger Spray"],"picked":"Envenom","floor":37},{"not_picked":["Expertise+1","Dodge and Roll","Dash"],"picked":"SKIP","floor":38},{"not_picked":["Riddle With Holes+1","Well Laid Plans"],"picked":"Terror","floor":39},{"not_picked":["Deflect","Sucker Punch"],"picked":"Cloak And Dagger","floor":41},{"not_picked":["Unload","Underhanded Strike"],"picked":"Backflip","floor":42},{"not_picked":["PanicButton","Violence"],"picked":"Panache","floor":44},{"not_picked":["Heel Hook+1","Blade Dance"],"picked":"Catalyst","floor":45},{"not_picked":["Noxious Fumes","Blade Dance","Flying Knee+1"],"picked":"SKIP","floor":46},{"not_picked":["Flying Knee","Sucker Punch"],"picked":"Acrobatics+1","floor":48}],"player_experience":1263592,"relics_obtained":[{"floor":6,"key":"Girya"},{"floor":9,"key":"Meat on the Bone"},{"floor":12,"key":"White Beast Statue"},{"floor":26,"key":"Orichalcum"},{"floor":43,"key":"Bag of Preparation"},{"floor":45,"key":"Peace Pipe"}],"event_choices":[{"damage_healed":0,"gold_gain":0,"player_choice":"Fled","damage_taken":0,"max_hp_gain":0,"max_hp_loss":0,"event_name":"Scrap Ooze","floor":3,"gold_loss":0},{"damage_healed":0,"gold_gain":0,"player_choice":"Ignored","damage_taken":0,"max_hp_gain":0,"max_hp_loss":0,"event_name":"Liars Game","floor":4,"gold_loss":0},{"damage_healed":0,"gold_gain":0,"player_choice":"Ignored","damage_taken":0,"max_hp_gain":0,"max_hp_loss":0,"event_name":"betterNote:BetterNote","floor":19,"gold_loss":0,"cards_obtained":["Night Terror"]},{"damage_healed":0,"gold_gain":0,"player_choice":"Copied","damage_taken":0,"max_hp_gain":0,"max_hp_loss":0,"event_name":"Duplicator","floor":29,"gold_loss":0,"cards_obtained":["Adrenaline"]},{"damage_healed":0,"gold_gain":0,"cards_transformed":["Dagger Throw"],"player_choice":"Transformed","damage_taken":0,"max_hp_gain":0,"max_hp_loss":0,"event_name":"Transmorgrifier","floor":36,"gold_loss":0,"cards_obtained":["Masterful Stab"]},{"damage_healed":0,"gold_gain":0,"player_choice":"Memory 1","damage_taken":0,"max_hp_gain":0,"max_hp_loss":0,"event_name":"SensoryStone","floor":44,"gold_loss":0}],"is_beta":false,"boss_relics":[{"not_picked":["Runic Pyramid","Black Star"],"picked":"WristBlade"},{"not_picked":["Sozu","Philosopher\u0027s Stone"],"picked":"Pandora\u0027s Box"}],"items_purged_floors":[22],"is_endless":false,"potions_floor_spawned":[10,11,12,13,14,16,18,20,21,28,30,31,33,35,37,38,39,41,42,45,46,48],"ascension_level":0}