{"gold_per_floor":[119,132,11,23,34,34,66,66,66,66,76,101,116,131,131,131],"floor_reached":16,"playtime":495,"items_purged":[],"score":114,"play_id":"28c0cdf3-d2ce-4bf9-92f0-9c60600cf47e","local_time":"20230228232404","is_ascension_mode":false,"campfire_choices":[{"data":"Prepared","floor":6,"key":"SMITH"},{"data":"Die Die Die","floor":8,"key":"SMITH"},{"data":"Eviscerate","floor":15,"key":"SMITH"}],"neow_cost":"NONE","seed_source_timestamp":1196907708851300,"circlet_count":0,"master_deck":["Strike_G","Strike_G","Strike_G","Strike_G","Strike_G","Defend_G","Defend_G","Defend_G","Defend_G","Defend_G","Survivor","Neutralize","Eviscerate+1","Dagger Spray","Corpse Explosion","PiercingWail","Prepared+1","Die Die Die+1","Dagger Throw","Poisoned Stab"],"relics":["Ring of the Snake","NeowsBlessing","Ancient Tea Set","Bottled Flame","InkBottle"],"potions_floor_usage":[5,12,12,12,16],"damage_taken":[{"damage":0,"enemies":"Cultist","floor":1,"turns":1},{"damage":0,"enemies":"2 Louse","floor":2,"turns":1},{"damage":0,"enemies":"Jaw Worm","floor":4,"turns":1},{"damage":3,"enemies":"Large Slime","floor":5,"turns":4},{"damage":1,"enemies":"3 Sentries","floor":7,"turns":2},{"damage":0,"enemies":"2 Fungi Beasts","floor":11,"turns":2},{"damage":9,"enemies":"Lagavulin","floor":12,"turns":5},{"damage":0,"enemies":"3 Louse","floor":13,"turns":1},{"damage":0,"enemies":"Exordium Wildlife","floor":14,"turns":2},{"damage":57,"enemies":"Hexaghost","floor":16,"turns":11}],"seed_played":"-3212919312637014281","potions_obtained":[{"floor":4,"key":"Fire Potion"},{"floor":10,"key":"DuplicationPotion"},{"floor":10,"key":"SteroidPotion"},{"floor":10,"key":"Weak Potion"},{"floor":12,"key":"CunningPotion"}],"is_trial":false,"path_per_floor":["M","M","$","M","M","R","E","R","T","?","M","E","M","M","R","B"],"character_chosen":"THE_SILENT","basemod:card_modifiers":[null,null,null,null,null,null,null,null,null,null,null,null,null,null,null,null,null,null,null,null],"items_purchased":["Corpse Explosion","PiercingWail"],"campfire_rested":0,"item_purchase_floors":[3,3],"current_hp_per_floor":[70,70,70,70,67,67,66,66,66,66,66,57,57,57,57,0],"gold":131,"neow_bonus":"THREE_ENEMY_KILL","is_prod":false,"is_daily":false,"chose_seed":false,"campfire_upgraded":3,"win_rate":0,"timestamp":1677644644,"path_taken":["M","M","?","M","M","R","E","R","T","?","?","E","M","M","R","BOSS"],"build_version":"2022-12-18","purchased_purges":0,"victory":false,"max_hp_per_floor":[70,70,70,70,70,70,70,70,70,70,70,70,70,70,70,70],"card_choices":[{"not_picked":["Dagger Throw","Choke"],"picked":"Eviscerate","floor":1},{"not_picked":["Predator","Bane"],"picked":"Dagger Spray","floor":2},{"not_picked":["Catalyst","Flechettes"],"picked":"Prepared","floor":4},{"not_picked":["Blade Dance","Dodge and Roll"],"picked":"Die Die Die","floor":5},{"not_picked":["Bane","Deflect","Slice"],"picked":"SKIP","floor":7},{"not_picked":["Deflect","Sucker Punch"],"picked":"Dagger Throw","floor":11},{"not_picked":["Quick Slash","PiercingWail"],"picked":"Poisoned Stab","floor":12},{"not_picked":["A Thousand Cuts","Outmaneuver","Bane"],"picked":"SKIP","floor":13},{"not_picked":["Dagger Throw","Dodge and Roll","Deflect"],"picked":"SKIP","floor":14}],"player_experience":1299036,"relics_obtained":[{"floor":7,"key":"Ancient Tea Set"},{"floor":9,"key":"Bottled Flame"},{"floor":12,"key":"InkBottle"}],"event_choices":[{"damage_healed":0,"gold_gain":0,"player_choice":"Got Potions","damage_taken":0,"max_hp_gain":0,"max_hp_loss":0,"event_name":"Lab","floor":10,"gold_loss":0}],"is_beta":false,"boss_relics":[],"items_purged_floors":[],"is_endless":false,"potions_floor_spawned":[4,11,12],"killed_by":"Hexaghost","ascension_level":0}