{"gold_per_floor":[116,116,130,10,85,116,116,146,222,242,242,242,274,274,274,376,376,395,395,116,35,45,45,58,58,135,152,186,204,221,221,221,320,320,335,335,354,160,160,160,188,203,250,56,87,87,120,120,120,120],"floor_reached":51,"playtime":1953,"items_purged":["Strike_G","Strike_G","Strike_G","Calculated Gamble+1"],"score":819,"play_id":"cfcd0b86-2b7b-4209-a9ed-14c75742058c","local_time":"20230228235815","is_ascension_mode":false,"campfire_choices":[{"data":"Noxious Fumes","floor":7.0,"key":"SMITH"},{"data":"Calculated Gamble","floor":12.0,"key":"SMITH"},{"data":"Bane","floor":15.0,"key":"SMITH"},{"data":"Footwork","floor":23.0,"key":"SMITH"},{"data":"Poisoned Stab","floor":25.0,"key":"SMITH"},{"floor":32.0,"key":"REST"},{"data":"Calculated Gamble","floor":40.0,"key":"SMITH"},{"data":"Deflect","floor":46,"key":"SMITH"},{"floor":49,"key":"REST"}],"neow_cost":"NONE","seed_source_timestamp":1197433141009600,"circlet_count":0,"master_deck":["Defend_G","Survivor","Neutralize","Terror+1","Noxious Fumes+1","Poisoned Stab+1","Calculated Gamble+1","Crippling Poison","Footwork+1","Bane+1","Glass Knife","PiercingWail+1","All Out Attack+1","Eviscerate+1","Poisoned Stab","Footwork+1","Cloak And Dagger+1","Dash","Die Die Die","Deflect+1","Deflect+1","Tools of the Trade","Deflect","Quick Slash"],"special_seed":0,"relics":["Ring of the Snake","Boot","Snake Skull","Eternal Feather","Paper Crane","Astrolabe","TwistedFunnel","Smiling Mask","Darkstone Periapt","Runic Dome","Vajra","Blood Vial","War Paint","Thread and Needle","Art of War"],"potions_floor_usage":[45,45],"damage_taken":[{"damage":0.0,"enemies":"2 Louse","floor":1.0,"turns":3.0},{"damage":2.0,"enemies":"Cultist","floor":3.0,"turns":4.0},{"damage":9.0,"enemies":"Gremlin Nob","floor":6.0,"turns":4.0},{"damage":19.0,"enemies":"3 Sentries","floor":8.0,"turns":6.0},{"damage":0.0,"enemies":"Small Slimes","floor":10.0,"turns":3.0},{"damage":0.0,"enemies":"Lagavulin","floor":13.0,"turns":6.0},{"damage":26.0,"enemies":"Hexaghost","floor":16.0,"turns":8.0},{"damage":0.0,"enemies":"3 Byrds","floor":18.0,"turns":3.0},{"damage":17.0,"enemies":"2 Thieves","floor":22.0,"turns":3.0},{"damage":9.0,"enemies":"Shelled Parasite and Fungi","floor":24.0,"turns":4.0},{"damage":13.0,"enemies":"Centurion and Healer","floor":27.0,"turns":5.0},{"damage":25.0,"enemies":"Book of Stabbing","floor":28.0,"turns":5.0},{"damage":3.0,"enemies":"3 Cultists","floor":29.0,"turns":4.0},{"damage":17.0,"enemies":"Shelled Parasite and Fungi","floor":30.0,"turns":4.0},{"damage":9.0,"enemies":"Automaton","floor":33.0,"turns":8.0},{"damage":25.0,"enemies":"3 Darklings","floor":35.0,"turns":6.0},{"damage":0.0,"enemies":"3 Shapes","floor":37.0,"turns":4.0},{"damage":44.0,"enemies":"Reptomancer","floor":41.0,"turns":5.0},{"damage":0.0,"enemies":"Jaw Worm Horde","floor":42.0,"turns":3.0},{"damage":0,"enemies":"Nemesis","floor":45,"turns":3},{"damage":20,"enemies":"Reptomancer","floor":47,"turns":7},{"damage":47,"enemies":"Time Eater","floor":50,"turns":12}],"seed_played":"5427633850773712889","potions_obtained":[{"floor":1.0,"key":"DistilledChaos"},{"floor":2.0,"key":"EntropicBrew"},{"floor":2.0,"key":"ColorlessPotion"},{"floor":10.0,"key":"EssenceOfSteel"},{"floor":13.0,"key":"LiquidBronze"},{"floor":16.0,"key":"Strength Potion"},{"floor":18.0,"key":"Weak Potion"},{"floor":24.0,"key":"GhostInAJar"},{"floor":37.0,"key":"DuplicationPotion"},{"floor":42.0,"key":"Regen Potion"},{"floor":47,"key":"Energy Potion"}],"is_trial":false,"path_per_floor":["M","?","M","$","?","E","R","E","T","M","?","R","E","?","R","B",null,"M","?","$","$","M","R","M","R","T","M","E","M","M","T","R","B",null,"M","?","M","$","?","R","E","M","T","$","E","R","E","?","R","B",null],"character_chosen":"THE_SILENT","basemod:card_modifiers":[null,null,null,null,null,null,null,null,null,null,null,null,null,null,null,null,null,null,null,null,null,null,null,null],"items_purchased":["Poisoned Stab","TwistedFunnel","Poisoned Stab","Footwork","Vajra","Tools of the Trade"],"campfire_rested":2,"item_purchase_floors":[4,20,20,21,38,44],"current_hp_per_floor":[77,77,75,75,64,55,55,36,36,36,29,38,38,63,72,46,77,77,77,77,77,60,72,63,75,75,62,37,34,17,17,52,43,77,52,52,52,52,52,64,20,22,22,22,36,48,30,30,65,20],"gold":120,"neow_bonus":"TEN_PERCENT_HP_BONUS","is_prod":false,"is_daily":false,"chose_seed":false,"campfire_upgraded":7,"win_rate":0,"timestamp":1677646695,"path_taken":["M","?","?","$","?","E","R","E","T","M","?","R","E","?","R","BOSS","M","?","?","$","M","R","M","R","T","M","E","M","M","?","R","BOSS","M","?","M","$","?","R","E","M","T","$","E","R","E","?","R","BOSS"],"build_version":"2022-12-18","purchased_purges":4,"victory":true,"max_hp_per_floor":[77,77,77,77,77,77,77,77,77,77,77,77,77,77,77,77,77,77,77,77,77,77,77,77,77,77,77,77,77,77,77,77,77,77,77,77,77,77,77,77,77,77,77,77,77,77,77,77,77,77],"card_choices":[{"not_picked":["Infinite Blades","Slice"],"picked":"Terror","floor":1.0},{"not_picked":["Dodge and Roll","Bouncing Flask"],"picked":"Noxious Fumes","floor":3.0},{"not_picked":["Distraction","Backflip"],"picked":"Calculated Gamble","floor":6.0},{"not_picked":["Bane","Predator"],"picked":"Crippling Poison","floor":8.0},{"not_picked":["Infinite Blades","Bane"],"picked":"Footwork","floor":10.0},{"not_picked":["Leg Sweep","Escape Plan"],"picked":"Bane","floor":13.0},{"not_picked":["Storm of Steel","Bullet Time"],"picked":"Glass Knife","floor":16.0},{"not_picked":["Footwork","All Out Attack+1"],"picked":"Calculated Gamble","floor":18.0},{"not_picked":["Dagger Throw+1","Flying Knee","Dodge and Roll"],"picked":"SKIP","floor":22.0},{"not_picked":["Dash","Poisoned Stab","All Out Attack+1"],"picked":"SKIP","floor":24.0},{"not_picked":["Dodge and Roll","Dagger Throw","Blade Dance"],"picked":"SKIP","floor":27.0},{"not_picked":["Underhanded Strike+1","PiercingWail","Heel Hook+1"],"picked":"SKIP","floor":28.0},{"not_picked":["Underhanded Strike","Predator"],"picked":"Cloak And Dagger+1","floor":29.0},{"not_picked":["Bullet Time","Crippling Poison"],"picked":"Dash","floor":30.0},{"not_picked":["Envenom","Storm of Steel"],"picked":"Die Die Die","floor":33.0},{"not_picked":["Flechettes+1","Infinite Blades"],"picked":"Deflect","floor":35.0},{"not_picked":["Outmaneuver+1","Dagger Spray"],"picked":"Deflect","floor":37.0},{"not_picked":["Outmaneuver","Poisoned Stab","Deadly Poison+1"],"picked":"SKIP","floor":41.0},{"not_picked":["Blade Dance","Flying Knee+1","All Out Attack"],"picked":"SKIP","floor":42.0},{"not_picked":["A Thousand Cuts","Cloak And Dagger","Accuracy+1"],"picked":"SKIP","floor":45},{"not_picked":["Underhanded Strike","Flechettes+1"],"picked":"Deflect","floor":47}],"player_experience":1299531,"relics_obtained":[{"floor":6.0,"key":"Boot"},{"floor":8.0,"key":"Snake Skull"},{"floor":9.0,"key":"Eternal Feather"},{"floor":13.0,"key":"Paper Crane"},{"floor":28.0,"key":"Smiling Mask"},{"floor":31.0,"key":"Darkstone Periapt"},{"floor":41.0,"key":"Blood Vial"},{"floor":43.0,"key":"War Paint"},{"floor":45,"key":"Thread and Needle"},{"floor":47,"key":"Art of War"}],"event_choices":[{"damage_healed":0.0,"max_hp_gain":0.0,"max_hp_loss":0.0,"gold_gain":0.0,"event_name":"Lab","player_choice":"Got Potions","floor":2.0,"gold_loss":0.0,"damage_taken":0.0},{"damage_healed":0.0,"max_hp_gain":0.0,"max_hp_loss":0.0,"gold_gain":75.0,"event_name":"World of Goop","player_choice":"Gather Gold","floor":5.0,"gold_loss":0.0,"damage_taken":11.0},{"cards_removed":["Defend_G"],"damage_healed":0.0,"max_hp_gain":0.0,"max_hp_loss":0.0,"gold_gain":0.0,"event_name":"Golden Wing","player_choice":"Card Removal","floor":11.0,"gold_loss":0.0,"damage_taken":7.0},{"damage_healed":25.0,"max_hp_gain":0.0,"max_hp_loss":0.0,"gold_gain":0.0,"event_name":"Big Fish","player_choice":"Banana","floor":14.0,"gold_loss":0.0,"damage_taken":0.0},{"damage_healed":0.0,"max_hp_gain":0.0,"max_hp_loss":0.0,"gold_gain":0.0,"event_name":"Upgrade Shrine","player_choice":"Upgraded","floor":19.0,"gold_loss":0.0,"damage_taken":0.0,"cards_upgraded":["Footwork"]},{"damage_healed":0.0,"max_hp_gain":0.0,"max_hp_loss":0.0,"gold_gain":0.0,"event_name":"Tomb of Lord Red Mask","player_choice":"Ignored","floor":36.0,"gold_loss":0.0,"damage_taken":0.0},{"cards_removed":["Defend_G"],"damage_healed":0.0,"max_hp_gain":0.0,"max_hp_loss":0.0,"gold_gain":0.0,"event_name":"Falling","player_choice":"Removed Skill","floor":39.0,"gold_loss":0.0,"damage_taken":0.0},{"damage_healed":0,"gold_gain":0,"cards_transformed":["Defend_G"],"player_choice":"Transformed","damage_taken":0,"max_hp_gain":0,"max_hp_loss":0,"event_name":"Transmorgrifier","floor":48,"gold_loss":0,"cards_obtained":["Quick Slash"]}],"is_beta":false,"boss_relics":[{"not_picked":["HoveringKite","Velvet Choker"],"picked":"Astrolabe"},{"not_picked":["Tiny House","Calling Bell"],"picked":"Runic Dome"}],"items_purged_floors":[4,20,38,44],"is_endless":false,"potions_floor_spawned":[1,10,13,16,18,24,27,37,42,47],"ascension_level":0}