{"gold_per_floor":[112,8,20,20,35,35,11,46,46,61,74,74,74,99,99,199,199,219,239,255,272,28,28],"floor_reached":23,"playtime":2071,"items_purged":[],"score":203,"play_id":"3d5b7b4b-fa8a-4b61-aad3-15986c2e62c9","local_time":"20230223101044","is_ascension_mode":false,"campfire_choices":[{"data":"Wraith Form v2","floor":6.0,"key":"SMITH"},{"data":"Bane","floor":12.0,"key":"SMITH"},{"data":"Prepared","floor":15,"key":"SMITH"}],"neow_cost":"NONE","seed_source_timestamp":655624352195300,"circlet_count":0,"master_deck":["Strike_G","Strike_G","Strike_G","Strike_G","Strike_G","Defend_G","Defend_G","Defend_G","Defend_G","Defend_G","Survivor","Neutralize","Wraith Form v2+1","Bane+1","Well Laid Plans","Eviscerate","Crippling Poison","Corpse Explosion","PiercingWail","Blade Dance","Backflip","Poisoned Stab","Prepared+1","Malaise","Bane","Endless Agony","Dodge and Roll+1","Noxious Fumes","Wraith Form v2+1","Prepared"],"special_seed":0,"relics":["Ring of the Snake","Bottled Lightning","Meat on the Bone","Sundial","Mummified Hand","Black Star","DollysMirror"],"potions_floor_usage":[14,16,20],"damage_taken":[{"damage":3.0,"enemies":"Jaw Worm","floor":1.0,"turns":6.0},{"damage":0.0,"enemies":"Small Slimes","floor":3.0,"turns":4.0},{"damage":0.0,"enemies":"2 Louse","floor":5.0,"turns":2.0},{"damage":28.0,"enemies":"Gremlin Nob","floor":8.0,"turns":7.0},{"damage":0.0,"enemies":"Exordium Wildlife","floor":10.0,"turns":3.0},{"damage":0.0,"enemies":"Lots of Slimes","floor":11.0,"turns":1.0},{"damage":1,"enemies":"Lagavulin","floor":14,"turns":7},{"damage":39,"enemies":"Hexaghost","floor":16,"turns":11},{"damage":9,"enemies":"Chosen","floor":18,"turns":6},{"damage":18,"enemies":"Spheric Guardian","floor":19,"turns":6},{"damage":9,"enemies":"Snake Plant","floor":20,"turns":5},{"damage":34,"enemies":"Sentry and Sphere","floor":21,"turns":8},{"damage":21,"enemies":"Book of Stabbing","floor":23,"turns":9}],"seed_played":"4556577180724349442","potions_obtained":[{"floor":11.0,"key":"ColorlessPotion"},{"floor":14,"key":"Dexterity Potion"},{"floor":16,"key":"GamblersBrew"}],"is_trial":false,"path_per_floor":["M","$","M","?","M","R","$","E","T","M","M","R","?","E","R","B",null,"M","M","M","M","$","E"],"character_chosen":"THE_SILENT","basemod:card_modifiers":[null,null,null,null,null,null,null,null,null,null,null,null,null,null,null,null,null,null,null,null,null,null,null,null,null,null,null,null,null,null],"items_purchased":["Well Laid Plans","Eviscerate","PiercingWail","Noxious Fumes","DollysMirror","Prepared"],"campfire_rested":0,"item_purchase_floors":[2,2,7,22,22,22],"current_hp_per_floor":[67,67,67,72,72,72,72,44,44,44,44,44,44,43,43,16,75,66,48,39,17,17,0],"gold":28,"neow_bonus":"ONE_RANDOM_RARE_CARD","is_prod":false,"is_daily":false,"chose_seed":false,"campfire_upgraded":3,"win_rate":0,"timestamp":1677165044,"path_taken":["M","$","M","?","M","R","$","E","T","M","M","R","?","E","R","BOSS","M","M","M","M","$","E"],"build_version":"2022-12-18","purchased_purges":0,"victory":false,"max_hp_per_floor":[70,70,70,75,75,75,75,75,75,75,75,75,75,75,75,75,75,75,75,75,75,75,75],"card_choices":[{"not_picked":["Outmaneuver","Deflect"],"picked":"Bane","floor":1.0},{"not_picked":["Dagger Spray","Accuracy"],"picked":"Crippling Poison","floor":3.0},{"not_picked":["Flying Knee","Caltrops"],"picked":"Corpse Explosion","floor":5.0},{"not_picked":["PiercingWail","Masterful Stab"],"picked":"Blade Dance","floor":8.0},{"not_picked":["Predator","Poisoned Stab"],"picked":"Backflip","floor":10.0},{"not_picked":["Deadly Poison","Masterful Stab"],"picked":"Poisoned Stab","floor":11.0},{"not_picked":["Deflect","Quick Slash"],"picked":"Prepared","floor":14},{"not_picked":["Wraith Form v2","Unload"],"picked":"Malaise","floor":16},{"not_picked":["Prepared","Underhanded Strike+1"],"picked":"Bane","floor":18},{"not_picked":["Backflip","Crippling Poison+1","Prepared"],"picked":"SKIP","floor":19},{"not_picked":["Slice","Setup"],"picked":"Endless Agony","floor":20},{"not_picked":["PiercingWail","Deflect"],"picked":"Dodge and Roll+1","floor":21}],"player_experience":1291891,"relics_obtained":[{"floor":8.0,"key":"Bottled Lightning"},{"floor":9.0,"key":"Meat on the Bone"},{"floor":14,"key":"Mummified Hand"}],"event_choices":[{"damage_healed":0.0,"max_hp_gain":5.0,"max_hp_loss":0.0,"gold_gain":0.0,"event_name":"Big Fish","player_choice":"Donut","floor":4.0,"gold_loss":0.0,"damage_taken":0.0},{"damage_healed":0.0,"max_hp_gain":0.0,"max_hp_loss":0.0,"gold_gain":0.0,"event_name":"Dead Adventurer","player_choice":"Searched \u00271\u0027 times","floor":13.0,"gold_loss":0.0,"damage_taken":0.0,"relics_obtained":["Sundial"]}],"is_beta":false,"boss_relics":[{"not_picked":["Calling Bell","Fusion Hammer"],"picked":"Black Star"}],"items_purged_floors":[],"is_endless":false,"potions_floor_spawned":[11,14,16],"killed_by":"Book of Stabbing","ascension_level":0}