{"gold_per_floor":[114,133,147,147,161,161,86,49,72,103,117,117,137,164,164,268,268,278,278,24,99,114,114,129,229,229,264,279,307,307,61,61,157,157,169,19,39,50,50,84,84,134,157,169,181,193,225,237,249,261],"floor_reached":51,"playtime":2831,"items_purged":["Strike_G","Strike_G","Strike_G","Defend_G"],"score":773,"play_id":"2e0cd1d8-5701-44f3-be9f-c831b3874aa1","local_time":"20230313223749","is_ascension_mode":false,"campfire_choices":[{"data":"After Image","floor":6,"key":"SMITH"},{"data":"Noxious Fumes","floor":12,"key":"SMITH"},{"data":"Noxious Fumes","floor":15,"key":"SMITH"},{"data":"Accuracy","floor":23,"key":"SMITH"},{"floor":30,"key":"REST"},{"floor":32,"key":"REST"},{"floor":41,"key":"REST"},{"data":"Noxious Fumes","floor":45,"key":"SMITH"},{"data":"Footwork","floor":49,"key":"SMITH"}],"neow_cost":"TEN_PERCENT_HP_LOSS","seed_source_timestamp":148011303112700,"circlet_count":0,"master_deck":["Strike_G","Strike_G","Defend_G+1","Defend_G","Defend_G","Survivor","Neutralize","After Image+1","Deadly Poison","Blade Dance","Cloak And Dagger","Backflip","Blur+1","Noxious Fumes+1","Noxious Fumes+1","Unload","CurseOfTheBell","Blade Dance","Accuracy+1","Poisoned Stab","PiercingWail","Bane+1","Concentrate","Footwork+1","Acrobatics","Well Laid Plans","Adrenaline","Noxious Fumes+1","Deflect+1","Deflect+1"],"relics":["Ring of the Snake","Vajra","Strawberry","Juzu Bracelet","Calling Bell","War Paint","Pantograph","Unceasing Top","Kunai","Bag of Marbles","StrikeDummy","Runic Pyramid","Molten Egg 2","Incense Burner","MawBank","HornCleat"],"potions_floor_usage":[5,11,16,18,29,29,33,38],"damage_taken":[{"damage":1,"enemies":"Jaw Worm","floor":1,"turns":4},{"damage":0,"enemies":"Cultist","floor":2,"turns":4},{"damage":0,"enemies":"2 Louse","floor":3,"turns":3},{"damage":4,"enemies":"Gremlin Gang","floor":5,"turns":7},{"damage":4,"enemies":"3 Sentries","floor":10,"turns":10},{"damage":1,"enemies":"Large Slime","floor":11,"turns":6},{"damage":4,"enemies":"Exordium Wildlife","floor":13,"turns":4},{"damage":0,"enemies":"Lagavulin","floor":14,"turns":7},{"damage":33,"enemies":"Slime Boss","floor":16,"turns":10},{"damage":2,"enemies":"2 Thieves","floor":18,"turns":5},{"damage":6,"enemies":"Shell Parasite","floor":22,"turns":4},{"damage":8,"enemies":"3 Cultists","floor":24,"turns":6},{"damage":21,"enemies":"Book of Stabbing","floor":27,"turns":7},{"damage":13,"enemies":"Snake Plant","floor":28,"turns":4},{"damage":0,"enemies":"Gremlin Leader","floor":29,"turns":6},{"damage":9,"enemies":"Automaton","floor":33,"turns":10},{"damage":0,"enemies":"3 Darklings","floor":35,"turns":5},{"damage":3,"enemies":"3 Shapes","floor":37,"turns":6},{"damage":10,"enemies":"Maw","floor":38,"turns":7},{"damage":31,"enemies":"Reptomancer","floor":40,"turns":8},{"damage":0,"enemies":"Mind Bloom Boss Battle","floor":42,"turns":7},{"damage":6,"enemies":"Jaw Worm Horde","floor":47,"turns":4},{"damage":47,"enemies":"Time Eater","floor":50,"turns":15}],"seed_played":"8208128581609623510","potions_obtained":[{"floor":1,"key":"ColorlessPotion"},{"floor":2,"key":"Weak Potion"},{"floor":3,"key":"ColorlessPotion"},{"floor":11,"key":"SmokeBomb"},{"floor":16,"key":"DistilledChaos"},{"floor":27,"key":"SpeedPotion"},{"floor":28,"key":"PowerPotion"},{"floor":29,"key":"LiquidBronze"},{"floor":35,"key":"GamblersBrew"},{"floor":38,"key":"FearPotion"}],"is_trial":false,"path_per_floor":["M","M","M","?","M","R","$","$","T","E","M","R","M","E","R","B",null,"M","?","$","?","M","R","M","?","T","E","M","E","R","$","R","B",null,"M","$","M","M","$","E","R","?","T","$","R","?","M","?","R","B",null],"character_chosen":"THE_SILENT","basemod:card_modifiers":[null,null,null,null,null,null,null,null,null,null,null,null,null,null,null,null,null,null,null,null,null,null,null,null,null,null,null,null,null,null],"items_purchased":["Blur","Accuracy","Poisoned Stab","PiercingWail","Acrobatics","Well Laid Plans"],"campfire_rested":3,"item_purchase_floors":[8,20,20,20,31,31],"current_hp_per_floor":[62,62,62,62,58,58,58,58,58,61,60,60,56,56,56,23,70,68,68,68,61,55,55,47,47,47,26,13,13,34,34,55,61,70,70,70,67,57,57,26,47,70,70,70,70,70,64,64,64,23],"gold":273,"neow_bonus":"THREE_RARE_CARDS","is_prod":false,"is_daily":false,"chose_seed":false,"campfire_upgraded":6,"win_rate":0,"timestamp":1678761469,"path_taken":["M","M","M","?","M","R","?","$","T","E","M","R","M","E","R","BOSS","M","?","$","?","M","R","M","?","T","E","M","E","R","?","R","BOSS","M","$","M","M","$","E","R","?","T","$","R","?","M","?","R","BOSS"],"build_version":"2022-12-18","purchased_purges":4,"victory":true,"max_hp_per_floor":[63,63,63,63,63,63,63,63,63,70,70,70,70,70,70,70,70,70,70,70,70,70,70,70,70,70,70,70,70,70,70,70,70,70,70,70,70,70,70,70,70,70,70,70,70,70,70,70,70,70],"card_choices":[{"not_picked":["Adrenaline","Night Terror"],"picked":"After Image","floor":0},{"not_picked":["Reflex","Outmaneuver"],"picked":"Deadly Poison","floor":1},{"not_picked":["Dagger Throw","Bane"],"picked":"Blade Dance","floor":2},{"not_picked":["Catalyst","Bane"],"picked":"Cloak And Dagger","floor":3},{"not_picked":["Blade Dance","Deadly Poison"],"picked":"Backflip","floor":5},{"not_picked":["Quick Slash","Bullet Time","Flying Knee"],"picked":"SKIP","floor":10},{"not_picked":["Underhanded Strike","Prepared"],"picked":"Noxious Fumes","floor":11},{"not_picked":["Quick Slash","Flying Knee"],"picked":"Noxious Fumes","floor":13},{"not_picked":["Flying Knee","Sucker Punch","Setup"],"picked":"SKIP","floor":14},{"not_picked":["Bullet Time","Tools of the Trade"],"picked":"Unload","floor":16},{"not_picked":["Flying Knee","Slice","Infinite Blades"],"picked":"SKIP","floor":18},{"not_picked":["Dodge and Roll+1","Poisoned Stab","Tactician"],"picked":"SKIP","floor":22},{"not_picked":["Poisoned Stab","Dodge and Roll","Slice"],"picked":"SKIP","floor":24},{"not_picked":["Bullet Time","Reflex"],"picked":"Bane+1","floor":27},{"not_picked":["PiercingWail","Blur"],"picked":"Concentrate","floor":28},{"not_picked":["Eviscerate","Flechettes"],"picked":"Footwork","floor":29},{"not_picked":["Bullet Time","Venomology"],"picked":"Adrenaline","floor":33},{"not_picked":["Poisoned Stab","Bane+1","Dagger Throw"],"picked":"SKIP","floor":35},{"not_picked":["Dash","Backflip","Eviscerate+1"],"picked":"SKIP","floor":37},{"not_picked":["Crippling Poison","Underhanded Strike"],"picked":"Noxious Fumes","floor":38},{"not_picked":["Riddle With Holes+1","All Out Attack+1"],"picked":"Deflect","floor":40},{"not_picked":["Quick Slash+1","Die Die Die+1"],"picked":"Deflect+1","floor":42},{"not_picked":["Finisher+1","Outmaneuver+1","All Out Attack+1"],"picked":"SKIP","floor":47}],"player_experience":1294778,"relics_obtained":[{"floor":9,"key":"Vajra"},{"floor":10,"key":"Strawberry"},{"floor":14,"key":"Juzu Bracelet"},{"floor":17,"key":"War Paint"},{"floor":17,"key":"Pantograph"},{"floor":17,"key":"Unceasing Top"},{"floor":26,"key":"Kunai"},{"floor":27,"key":"Bag of Marbles"},{"floor":29,"key":"StrikeDummy"},{"floor":40,"key":"Molten Egg 2"},{"floor":42,"key":"Incense Burner"},{"floor":43,"key":"MawBank"}],"event_choices":[{"cards_removed":["Defend_G"],"damage_healed":0,"gold_gain":0,"player_choice":"Offered Basic","damage_taken":0,"max_hp_gain":0,"max_hp_loss":0,"event_name":"Bonfire Elementals","floor":4,"gold_loss":0},{"cards_removed":["Noxious Fumes"],"damage_healed":0,"gold_gain":0,"player_choice":"Take \u0026 Give","damage_taken":0,"max_hp_gain":0,"max_hp_loss":0,"event_name":"betterNote:BetterNote","floor":19,"gold_loss":0,"cards_obtained":["Blade Dance"]},{"damage_healed":0,"gold_gain":75,"player_choice":"Touch","damage_taken":7,"max_hp_gain":0,"max_hp_loss":0,"event_name":"FaceTrader","floor":21,"gold_loss":0},{"damage_healed":0,"gold_gain":100,"player_choice":"Pray","damage_taken":0,"max_hp_gain":0,"max_hp_loss":0,"event_name":"Golden Shrine","floor":25,"gold_loss":0},{"damage_healed":0,"gold_gain":0,"player_choice":"Fight","damage_taken":0,"max_hp_gain":0,"max_hp_loss":0,"event_name":"MindBloom","floor":42,"gold_loss":0},{"damage_healed":0,"gold_gain":0,"player_choice":"Gave Potion","damage_taken":0,"relics_obtained":["HornCleat"],"max_hp_gain":0,"max_hp_loss":0,"event_name":"WeMeetAgain","floor":46,"gold_loss":0},{"damage_healed":0,"gold_gain":0,"player_choice":"Forge","damage_taken":0,"max_hp_gain":0,"max_hp_loss":0,"event_name":"Accursed Blacksmith","floor":48,"gold_loss":0,"cards_upgraded":["Deflect"]}],"is_beta":false,"boss_relics":[{"not_picked":["Velvet Choker","SacredBark"],"picked":"Calling Bell"},{"not_picked":["HoveringKite","Tiny House"],"picked":"Runic Pyramid"}],"items_purged_floors":[7,20,31,36],"is_endless":false,"potions_floor_spawned":[1,2,3,11,16,27,28,29,35,38],"ascension_level":0}