{"gold_per_floor":[112,112,44,64,17,48,48,81,161,179,179,196,196,18,18,113,113,131,31,31,60,78,78,113,113,138,63,63,63,74,74,74,74],"floor_reached":33,"playtime":1214,"items_purged":["Strike_G","Defend_G"],"score":294,"play_id":"7589cdcf-1b23-45b7-aa93-2d2e7f1c5e2a","local_time":"20230313215009","is_ascension_mode":false,"campfire_choices":[{"data":"Well Laid Plans","floor":7,"key":"SMITH"},{"data":"Envenom","floor":15,"key":"SMITH"},{"data":"Noxious Fumes","floor":23,"key":"SMITH"},{"data":"Noxious Fumes","floor":25,"key":"SMITH"},{"floor":29,"key":"REST"},{"floor":32,"key":"REST"}],"neow_cost":"NONE","seed_source_timestamp":146778475129400,"circlet_count":0,"master_deck":["Strike_G+1","Defend_G+1","Defend_G+1","Defend_G+1","Survivor","Neutralize","Blade Dance","Vault+1","All Out Attack","Well Laid Plans+1","PiercingWail","Dagger Spray","Envenom+1","Poisoned Stab","Blade Dance+1","Poisoned Stab","Noxious Fumes+1","Glass Knife","Predator+1","Escape Plan+1","Poisoned Stab+1","Prepared+1","Noxious Fumes+1","RitualDagger","Endless Agony"],"relics":["Ring of the Snake","NeowsBlessing","Ancient Tea Set","Paper Crane","Toxic Egg 2","Blue Candle","Astrolabe","Red Mask","Letter Opener","Blood Vial"],"potions_floor_usage":[21,24,30,31,31],"damage_taken":[{"damage":0,"enemies":"2 Louse","floor":1,"turns":1},{"damage":0,"enemies":"Cultist","floor":4,"turns":1},{"damage":0,"enemies":"Lagavulin","floor":6,"turns":1},{"damage":30,"enemies":"Gremlin Nob","floor":8,"turns":5},{"damage":0,"enemies":"Small Slimes","floor":10,"turns":3},{"damage":0,"enemies":"3 Louse","floor":12,"turns":3},{"damage":12,"enemies":"The Guardian","floor":16,"turns":8},{"damage":7,"enemies":"3 Byrds","floor":18,"turns":4},{"damage":23,"enemies":"Masked Bandits","floor":21,"turns":5},{"damage":0,"enemies":"Chosen","floor":22,"turns":3},{"damage":15,"enemies":"Slavers","floor":24,"turns":6},{"damage":4,"enemies":"Snecko","floor":30,"turns":5},{"damage":4,"enemies":"Colosseum Slavers","floor":31,"turns":4},{"damage":65,"enemies":"Automaton","floor":33,"turns":7}],"seed_played":"729530336772489083","potions_obtained":[{"floor":8,"key":"DuplicationPotion"},{"floor":10,"key":"GamblersBrew"},{"floor":16,"key":"SteroidPotion"},{"floor":22,"key":"EssenceOfSteel"},{"floor":24,"key":"Poison Potion"}],"is_trial":false,"path_per_floor":["M","?","$","M","$","E","R","E","T","M","T","M","?","$","R","B",null,"M","$","?","?","M","R","E","R","T","?","?","R","M","?","R","B"],"character_chosen":"THE_SILENT","basemod:card_modifiers":[null,null,null,null,null,null,null,null,null,null,null,null,null,null,null,null,null,null,null,null,null,null,null,null,null],"items_purchased":["All Out Attack","PiercingWail","Poisoned Stab","Noxious Fumes"],"campfire_rested":2,"item_purchase_floors":[3,5,14,14],"current_hp_per_floor":[70,70,70,70,70,70,70,40,40,40,40,40,40,40,40,28,70,63,63,63,40,40,40,25,25,25,25,19,40,38,36,57,0],"gold":74,"neow_bonus":"THREE_ENEMY_KILL","is_prod":false,"is_daily":false,"chose_seed":false,"campfire_upgraded":4,"win_rate":0,"timestamp":1678758609,"path_taken":["M","?","$","M","$","E","R","E","T","?","?","M","?","$","R","BOSS","M","$","?","?","M","R","E","R","T","?","?","R","?","?","R","BOSS"],"build_version":"2022-12-18","purchased_purges":2,"victory":false,"max_hp_per_floor":[70,70,70,70,70,70,70,70,70,70,70,70,70,70,70,70,70,70,70,70,70,70,70,70,70,70,70,70,70,70,70,70,70],"card_choices":[{"not_picked":["Bane","Underhanded Strike"],"picked":"Blade Dance","floor":1},{"not_picked":["Bouncing Flask","PiercingWail"],"picked":"Well Laid Plans","floor":4},{"not_picked":["Cloak And Dagger","Concentrate"],"picked":"Dagger Spray","floor":6},{"not_picked":["Flying Knee","Dodge and Roll"],"picked":"Envenom","floor":8},{"not_picked":["Choke","Bouncing Flask+1"],"picked":"Poisoned Stab","floor":10},{"not_picked":["Acrobatics+1","Crippling Poison+1"],"picked":"Blade Dance+1","floor":12},{"not_picked":["Envenom","Bullet Time+1"],"picked":"Glass Knife","floor":16},{"not_picked":["Predator","Blade Dance+1","Outmaneuver+1"],"picked":"SKIP","floor":18},{"not_picked":["Bouncing Flask+1","Outmaneuver+1"],"picked":"Prepared+1","floor":22},{"not_picked":["Night Terror+1","Finisher"],"picked":"Noxious Fumes","floor":24},{"not_picked":["Outmaneuver+1","Concentrate+1"],"picked":"Endless Agony","floor":30}],"player_experience":1293564,"relics_obtained":[{"floor":6,"key":"Ancient Tea Set"},{"floor":8,"key":"Paper Crane"},{"floor":9,"key":"Toxic Egg 2"},{"floor":11,"key":"Blue Candle"},{"floor":21,"key":"Red Mask"},{"floor":24,"key":"Letter Opener"},{"floor":26,"key":"Blood Vial"}],"event_choices":[{"cards_removed":["Blade Dance"],"damage_healed":0,"gold_gain":0,"player_choice":"Take \u0026 Give","damage_taken":0,"max_hp_gain":0,"max_hp_loss":0,"event_name":"betterNote:BetterNote","floor":2,"gold_loss":0,"cards_obtained":["Vault"]},{"damage_healed":0,"gold_gain":0,"player_choice":"Ignored","damage_taken":0,"max_hp_gain":0,"max_hp_loss":0,"event_name":"Liars Game","floor":13,"gold_loss":0},{"damage_healed":0,"gold_gain":0,"player_choice":"Simplicity","damage_taken":0,"max_hp_gain":0,"max_hp_loss":0,"event_name":"Back to Basics","floor":20,"gold_loss":0,"cards_upgraded":["Strike_G","Strike_G","Defend_G","Defend_G","Defend_G"]},{"damage_healed":0,"gold_gain":0,"player_choice":"Fought Bandits","damage_taken":0,"max_hp_gain":0,"max_hp_loss":0,"event_name":"Masked Bandits","floor":21,"gold_loss":0},{"cards_removed":["Strike_G"],"damage_healed":0,"gold_gain":0,"player_choice":"Gave Gold","damage_taken":0,"max_hp_gain":0,"max_hp_loss":0,"event_name":"Beggar","floor":27,"gold_loss":75},{"damage_healed":0,"gold_gain":0,"player_choice":"Joined the Cult","damage_taken":6,"max_hp_gain":0,"max_hp_loss":0,"event_name":"Nest","floor":28,"gold_loss":0,"cards_obtained":["RitualDagger"]},{"damage_healed":0,"gold_gain":0,"player_choice":"Fight","damage_taken":0,"max_hp_gain":0,"max_hp_loss":0,"event_name":"Colosseum","floor":31,"gold_loss":0},{"damage_healed":0,"gold_gain":0,"player_choice":"Fled From Nobs","damage_taken":0,"max_hp_gain":0,"max_hp_loss":0,"event_name":"Colosseum","floor":31,"gold_loss":0}],"is_beta":false,"boss_relics":[{"not_picked":["Fusion Hammer","Calling Bell"],"picked":"Astrolabe"}],"items_purged_floors":[14,19],"is_endless":false,"potions_floor_spawned":[8,10,16,22,24],"killed_by":"Automaton","ascension_level":0}