{"gold_per_floor":[114,33,48,67,67,97,116,135,212,212,227,227,237,237,237,334,334,349,54,74,84,98,98,20,38,87,6,26,26],"floor_reached":29,"playtime":2962,"items_purged":["Doubt"],"score":231,"play_id":"7005b0ce-ac7e-4911-908b-99d81e85ff0b","local_time":"20230311185350","is_ascension_mode":false,"campfire_choices":[{"data":"Footwork","floor":10,"key":"SMITH"},{"data":"Footwork","floor":12,"key":"SMITH"},{"data":"Glass Knife","floor":15,"key":"SMITH"},{"data":"A Thousand Cuts","floor":23,"key":"SMITH"}],"neow_cost":"NONE","seed_source_timestamp":2128653931642100,"circlet_count":0,"master_deck":["Survivor","Neutralize+1","Footwork+1","Calculated Gamble","Backflip","Glass Knife+1","Footwork+1","Sucker Punch","Deflect","Die Die Die","Burst","Blur","Distraction","Setup","All Out Attack","Riddle With Holes","Die Die Die","Acrobatics","Adrenaline","A Thousand Cuts+1","Dash","Night Terror","Noxious Fumes","Blade Dance+1","Well Laid Plans","Noxious Fumes","PiercingWail"],"relics":["Ring of the Snake","Ice Cream","Bottled Tornado","Pandora\u0027s Box","Orichalcum"],"potions_floor_usage":[6,6,11,16,16,18,20,22,22,25],"damage_taken":[{"damage":0,"enemies":"2 Louse","floor":1,"turns":4},{"damage":0,"enemies":"Cultist","floor":3,"turns":5},{"damage":1,"enemies":"Jaw Worm","floor":4,"turns":4},{"damage":21,"enemies":"Lagavulin","floor":6,"turns":9},{"damage":3,"enemies":"Red Slaver","floor":7,"turns":5},{"damage":0,"enemies":"2 Fungi Beasts","floor":8,"turns":5},{"damage":4,"enemies":"Gremlin Gang","floor":11,"turns":6},{"damage":0,"enemies":"Looter","floor":13,"turns":3},{"damage":32,"enemies":"Slime Boss","floor":16,"turns":18},{"damage":8,"enemies":"Shell Parasite","floor":18,"turns":4},{"damage":0,"enemies":"3 Byrds","floor":20,"turns":3},{"damage":7,"enemies":"Centurion and Healer","floor":21,"turns":10},{"damage":16,"enemies":"Sentry and Sphere","floor":22,"turns":12},{"damage":18,"enemies":"Shelled Parasite and Fungi","floor":25,"turns":5},{"damage":14,"enemies":"Snake Plant","floor":28,"turns":7},{"damage":11,"enemies":"Gremlin Leader","floor":29,"turns":3}],"seed_played":"6560741029700293567","potions_obtained":[{"floor":4,"key":"GamblersBrew"},{"floor":5,"key":"Regen Potion"},{"floor":5,"key":"AttackPotion"},{"floor":8,"key":"CunningPotion"},{"floor":11,"key":"SteroidPotion"},{"floor":13,"key":"Energy Potion"},{"floor":16,"key":"GhostInAJar"},{"floor":18,"key":"Energy Potion"},{"floor":20,"key":"EssenceOfSteel"},{"floor":22,"key":"Poison Potion"}],"is_trial":false,"path_per_floor":["M","$","M","M","?","E","M","M","T","R","M","R","M","?","R","B",null,"M","$","M","M","M","R","$","M","T","$","M","E"],"character_chosen":"THE_SILENT","basemod:card_modifiers":[null,null,null,null,null,null,null,null,null,null,null,null,null,null,null,null,null,null,null,null,null,null,null,null,null,null,null],"items_purchased":["Footwork","Night Terror","Noxious Fumes","Well Laid Plans","Noxious Fumes"],"campfire_rested":0,"item_purchase_floors":[2,19,19,24,27],"current_hp_per_floor":[70,70,70,69,69,61,58,58,58,58,54,54,54,54,54,22,70,62,62,62,55,39,39,39,21,21,21,7,0],"gold":26,"neow_bonus":"UPGRADE_CARD","is_prod":false,"is_daily":false,"chose_seed":false,"campfire_upgraded":4,"win_rate":0,"timestamp":1678578830,"path_taken":["M","$","M","M","?","E","M","M","T","R","M","R","?","?","R","BOSS","M","$","M","M","M","R","$","M","T","$","M","E"],"build_version":"2022-12-18","purchased_purges":1,"victory":false,"max_hp_per_floor":[70,70,70,70,70,70,70,70,70,70,70,70,70,70,70,70,70,70,70,70,70,70,70,70,70,70,70,70,70],"card_choices":[{"not_picked":["Flying Knee","Setup","Accuracy"],"picked":"SKIP","floor":1},{"not_picked":["Bane","Dagger Throw"],"picked":"Calculated Gamble","floor":3},{"not_picked":["Outmaneuver","Choke"],"picked":"Backflip","floor":4},{"not_picked":["Escape Plan","Underhanded Strike"],"picked":"Glass Knife","floor":6},{"not_picked":["Setup","Underhanded Strike"],"picked":"Footwork","floor":7},{"not_picked":["Reflex","Blade Dance"],"picked":"Sucker Punch","floor":8},{"not_picked":["Infinite Blades","Masterful Stab"],"picked":"Deflect","floor":11},{"not_picked":["Calculated Gamble","Eviscerate"],"picked":"Die Die Die","floor":13},{"not_picked":["Storm of Steel","Envenom"],"picked":"Burst","floor":16},{"not_picked":["Eviscerate+1","Accuracy","Expertise"],"picked":"SKIP","floor":18},{"not_picked":["Concentrate","Caltrops","Bane"],"picked":"SKIP","floor":20},{"not_picked":["Dash","Prepared","Infinite Blades"],"picked":"SKIP","floor":21},{"not_picked":["Caltrops","Cloak And Dagger"],"picked":"Blade Dance+1","floor":22},{"not_picked":["Choke+1","Bane+1","Caltrops"],"picked":"SKIP","floor":25},{"not_picked":["Outmaneuver","All Out Attack"],"picked":"PiercingWail","floor":28}],"player_experience":1324996,"relics_obtained":[{"floor":6,"key":"Ice Cream"},{"floor":9,"key":"Bottled Tornado"},{"floor":26,"key":"Orichalcum"}],"event_choices":[{"damage_healed":0,"gold_gain":0,"player_choice":"Got Potions","damage_taken":0,"max_hp_gain":0,"max_hp_loss":0,"event_name":"Lab","floor":5,"gold_loss":0},{"damage_healed":0,"gold_gain":0,"player_choice":"1 cards matched","damage_taken":0,"max_hp_gain":0,"max_hp_loss":0,"event_name":"Match and Keep!","floor":14,"gold_loss":0,"cards_obtained":["Doubt"]}],"is_beta":false,"boss_relics":[{"not_picked":["Coffee Dripper","Astrolabe"],"picked":"Pandora\u0027s Box"}],"items_purged_floors":[19],"is_endless":false,"potions_floor_spawned":[4,8,11,13,16,18,20,22],"killed_by":"Gremlin Leader","ascension_level":0}