{"gold_per_floor":[113,113,11,11,25,25,57,67,119,119,119,136,36,68,68,164,164,177,194,119,218,218,56,56,75,75,75,110,130,146,163,163,262,262,278,278,34,46,46,73,73,88,88,88,114,114,124,139,139,139],"floor_reached":51,"playtime":3839,"items_purged":["Strike_G","Strike_G"],"score":860,"play_id":"0ffd131e-4d1d-4fbc-a13e-833391360b5b","local_time":"20230307164808","is_ascension_mode":false,"campfire_choices":[{"data":"Well Laid Plans","floor":6,"key":"SMITH"},{"data":"Noxious Fumes","floor":11,"key":"SMITH"},{"data":"Noxious Fumes","floor":15,"key":"SMITH"},{"data":"Deflect","floor":24,"key":"SMITH"},{"floor":27,"key":"REST"},{"floor":32,"key":"REST"},{"data":"Madness","floor":41,"key":"SMITH"},{"data":"Madness","floor":44,"key":"SMITH"},{"data":"Catalyst","floor":49,"key":"SMITH"}],"neow_cost":"NONE","seed_source_timestamp":1774596600222900,"circlet_count":0,"master_deck":["Defend_G","Defend_G","Defend_G","Defend_G+1","Survivor","Neutralize","Venomology","PiercingWail","Deadly Poison","Well Laid Plans+1","Masterful Stab","Caltrops","Noxious Fumes+1","Deflect+1","Noxious Fumes+1","Deadly Poison+1","Corpse Explosion","Acrobatics+1","PiercingWail","Backflip","Catalyst+1","Calculated Gamble","Catalyst","Burst","Madness+1","Madness+1","Blur","Footwork+1","Parasite"],"relics":["Ring of the Snake","Bottled Tornado","Blue Candle","Oddly Smooth Stone","Matryoshka","SlaversCollar","Akabeko","FossilizedHelix","War Paint","Runic Dome","Strange Spoon","Molten Egg 2","Lantern","Tingsha","PreservedInsect"],"potions_floor_usage":[7,7,7,12,14,14,16,16,19,25,28,28,29,33,35,40,40,45,45,45,47,50,50],"damage_taken":[{"damage":6,"enemies":"Jaw Worm","floor":1,"turns":6},{"damage":0,"enemies":"Cultist","floor":5,"turns":5},{"damage":35,"enemies":"Gremlin Nob","floor":7,"turns":4},{"damage":0,"enemies":"Small Slimes","floor":8,"turns":4},{"damage":5,"enemies":"Exordium Wildlife","floor":12,"turns":6},{"damage":0,"enemies":"3 Sentries","floor":14,"turns":6},{"damage":18,"enemies":"Slime Boss","floor":16,"turns":7},{"damage":9,"enemies":"Spheric Guardian","floor":18,"turns":5},{"damage":36,"enemies":"2 Thieves","floor":19,"turns":5},{"damage":4,"enemies":"Centurion and Healer","floor":25,"turns":7},{"damage":0,"enemies":"Gremlin Leader","floor":28,"turns":6},{"damage":0,"enemies":"Snake Plant","floor":29,"turns":3},{"damage":0,"enemies":"Chosen and Byrds","floor":30,"turns":6},{"damage":0,"enemies":"Cultist and Chosen","floor":31,"turns":4},{"damage":0,"enemies":"Champ","floor":33,"turns":7},{"damage":1,"enemies":"Orb Walker","floor":35,"turns":5},{"damage":0,"enemies":"3 Shapes","floor":38,"turns":2},{"damage":0,"enemies":"Giant Head","floor":40,"turns":6},{"damage":0,"enemies":"Transient","floor":42,"turns":5},{"damage":0,"enemies":"Reptomancer","floor":45,"turns":4},{"damage":0,"enemies":"Sphere and 2 Shapes","floor":47,"turns":4},{"damage":0,"enemies":"Writhing Mass","floor":48,"turns":5},{"damage":60,"enemies":"Awakened One","floor":50,"turns":8}],"seed_played":"8334720168683649574","potions_obtained":[{"floor":1,"key":"Fire Potion"},{"floor":7,"key":"Swift Potion"},{"floor":16,"key":"FearPotion"},{"floor":25,"key":"Dexterity Potion"},{"floor":28,"key":"Explosive Potion"},{"floor":45,"key":"SteroidPotion"},{"floor":47,"key":"Swift Potion"}],"is_trial":false,"path_per_floor":["M","?","$","T","M","R","E","M","T","?","R","M","$","E","R","B",null,"M","M","?","?","?","$","R","M","T","R","E","M","M","M","R","B",null,"M","?","$","M","?","E","R","M","T","R","E","?","M","M","R","B",null],"character_chosen":"THE_SILENT","basemod:card_modifiers":[null,null,null,null,null,null,null,null,null,null,null,null,null,null,null,null,null,null,null,null,null,null,null,null,null,null,null,null,null],"items_purchased":["Deadly Poison","Well Laid Plans","Noxious Fumes","Deadly Poison","Backflip","Catalyst","Strange Spoon"],"campfire_rested":2,"item_purchase_floors":[3,3,13,13,23,23,37],"current_hp_per_floor":[64,64,64,64,64,64,41,41,41,41,41,36,36,36,36,18,70,61,25,25,25,25,25,25,21,21,42,42,42,42,42,63,63,70,69,69,69,69,60,60,60,60,60,60,60,60,60,60,60,15],"gold":139,"neow_bonus":"TRANSFORM_CARD","is_prod":false,"is_daily":false,"chose_seed":false,"campfire_upgraded":7,"win_rate":0,"timestamp":1678225688,"path_taken":["M","?","$","?","M","R","E","M","T","?","R","M","$","E","R","BOSS","M","M","?","?","?","$","R","M","T","R","E","M","M","M","R","BOSS","M","?","$","M","?","E","R","M","T","R","E","?","M","?","R","BOSS"],"build_version":"2022-12-18","purchased_purges":2,"victory":true,"max_hp_per_floor":[70,70,70,70,70,70,70,70,70,70,70,70,70,70,70,70,70,70,70,70,70,70,70,70,70,70,70,70,70,70,70,70,70,70,70,70,70,70,70,70,70,70,70,70,70,70,70,70,70,70],"card_choices":[{"not_picked":["Sucker Punch","Slice"],"picked":"PiercingWail","floor":1},{"not_picked":["Skewer","Expertise","Flying Knee"],"picked":"SKIP","floor":5},{"not_picked":["Blur","Flying Knee"],"picked":"Masterful Stab","floor":7},{"not_picked":["Masterful Stab","Escape Plan"],"picked":"Caltrops","floor":8},{"not_picked":["Quick Slash","Expertise"],"picked":"Deflect","floor":12},{"not_picked":["Quick Slash","Underhanded Strike","Phantasmal Killer"],"picked":"SKIP","floor":14},{"not_picked":["Burst","Bullet Time"],"picked":"Corpse Explosion","floor":16},{"not_picked":["Dodge and Roll+1","Flying Knee+1"],"picked":"Acrobatics+1","floor":18},{"not_picked":["Blade Dance","All Out Attack"],"picked":"PiercingWail","floor":19},{"not_picked":["Backstab","Corpse Explosion","Predator"],"picked":"SKIP","floor":25},{"not_picked":["Dagger Spray+1","Outmaneuver","Masterful Stab"],"picked":"SKIP","floor":28},{"not_picked":["Blade Dance","Slice"],"picked":"Calculated Gamble","floor":29},{"not_picked":["Unload","Caltrops"],"picked":"Catalyst","floor":30},{"not_picked":["Slice+1","Quick Slash","Riddle With Holes"],"picked":"SKIP","floor":31},{"not_picked":["Night Terror","Grand Finale"],"picked":"Burst","floor":33},{"not_picked":["Underhanded Strike+1","Caltrops","Terror+1"],"picked":"SKIP","floor":35},{"not_picked":["Dagger Spray+1","Outmaneuver","Dodge and Roll"],"picked":"SKIP","floor":38},{"not_picked":["Unload+1","Deadly Poison"],"picked":"Blur","floor":40},{"not_picked":["Sucker Punch+1","Well Laid Plans","Terror"],"picked":"SKIP","floor":42},{"not_picked":["Distraction","Dagger Spray+1"],"picked":"Footwork+1","floor":45},{"not_picked":["Flying Knee+1","Riddle With Holes+1","Backstab+1"],"picked":"SKIP","floor":47},{"not_picked":["Dodge and Roll+1","Caltrops+1","Dagger Spray+1"],"picked":"SKIP","floor":48}],"player_experience":1305070,"relics_obtained":[{"floor":4,"key":"Bottled Tornado"},{"floor":7,"key":"Blue Candle"},{"floor":9,"key":"Oddly Smooth Stone"},{"floor":14,"key":"Matryoshka"},{"floor":26,"key":"Akabeko"},{"floor":26,"key":"FossilizedHelix"},{"floor":28,"key":"War Paint"},{"floor":40,"key":"Molten Egg 2"},{"floor":43,"key":"Lantern"},{"floor":43,"key":"Tingsha"},{"floor":45,"key":"PreservedInsect"}],"event_choices":[{"cards_removed":["Venomology"],"damage_healed":0,"gold_gain":0,"player_choice":"Give","damage_taken":0,"max_hp_gain":0,"max_hp_loss":0,"event_name":"betterNote:BetterNote","floor":2,"gold_loss":0,"cards_obtained":["Defend_R"]},{"damage_healed":0,"gold_gain":0,"cards_transformed":["Strike_G"],"player_choice":"Change","damage_taken":0,"max_hp_gain":0,"max_hp_loss":0,"event_name":"Living Wall","floor":10,"gold_loss":0,"cards_obtained":["Noxious Fumes"]},{"cards_removed":["Strike_G"],"damage_healed":0,"gold_gain":0,"player_choice":"Gave Gold","damage_taken":0,"max_hp_gain":0,"max_hp_loss":0,"event_name":"Beggar","floor":20,"gold_loss":75},{"damage_healed":0,"gold_gain":99,"player_choice":"Stole From Cult","damage_taken":0,"max_hp_gain":0,"max_hp_loss":0,"event_name":"Nest","floor":21,"gold_loss":0},{"damage_healed":0,"gold_gain":0,"player_choice":"Ignored","damage_taken":0,"max_hp_gain":0,"max_hp_loss":0,"event_name":"The Mausoleum","floor":22,"gold_loss":0},{"damage_healed":0,"gold_gain":0,"player_choice":"Ignored","damage_taken":0,"max_hp_gain":0,"max_hp_loss":0,"event_name":"Tomb of Lord Red Mask","floor":36,"gold_loss":0},{"damage_healed":0,"gold_gain":0,"player_choice":"Embrace Madness","damage_taken":9,"max_hp_gain":0,"max_hp_loss":0,"event_name":"Winding Halls","floor":39,"gold_loss":0,"cards_obtained":["Madness","Madness"]},{"cards_removed":["Strike_G"],"damage_healed":0,"gold_gain":0,"player_choice":"Offered Basic","damage_taken":0,"max_hp_gain":0,"max_hp_loss":0,"event_name":"Bonfire Elementals","floor":46,"gold_loss":0}],"is_beta":false,"boss_relics":[{"not_picked":["Velvet Choker","Sozu"],"picked":"SlaversCollar"},{"not_picked":["Calling Bell","Black Star"],"picked":"Runic Dome"}],"items_purged_floors":[23,37],"is_endless":false,"potions_floor_spawned":[1,7,12,16,25,28,31,33,38,45,47],"ascension_level":0}