{"gold_per_floor":[118,129,129,148,167,195,207,251,263,275,316,343,368,397,409,421],"floor_reached":16,"playtime":1036,"items_purged":[],"score":130,"play_id":"052660ce-5476-4835-a4f9-73890f4b4033","local_time":"20230319211425","is_ascension_mode":true,"campfire_choices":[{"data":"Predator","floor":7,"key":"SMITH"},{"floor":15,"key":"REST"}],"neow_cost":"NONE","seed_source_timestamp":411929152448400,"circlet_count":0,"master_deck":["Strike_G","Strike_G","Strike_G","Strike_G","Strike_G","Defend_G","Defend_G","Defend_G","Defend_G","Defend_G","Survivor","Neutralize","Acrobatics","Cloak And Dagger","Blade Dance","Crippling Poison","Predator+1","Terror","Corpse Explosion","Caltrops","PiercingWail"],"relics":["Ring of the Snake","MawBank","Potion Belt","Blood Vial","Pear"],"potions_floor_usage":[2,6,6,6,11,13],"damage_taken":[{"damage":1,"enemies":"Small Slimes","floor":1,"turns":3},{"damage":0,"enemies":"Jaw Worm","floor":2,"turns":2},{"damage":1,"enemies":"Cultist","floor":4,"turns":5},{"damage":0,"enemies":"Looter","floor":5,"turns":4},{"damage":21,"enemies":"Lagavulin","floor":6,"turns":7},{"damage":32,"enemies":"Gremlin Nob","floor":8,"turns":5},{"damage":14,"enemies":"3 Sentries","floor":11,"turns":4},{"damage":0,"enemies":"2 Fungi Beasts","floor":12,"turns":3},{"damage":0,"enemies":"Gremlin Gang","floor":13,"turns":4},{"damage":21,"enemies":"Large Slime","floor":14,"turns":7},{"damage":39,"enemies":"Hexaghost","floor":16,"turns":9}],"seed_played":"-1850542214303982521","potions_obtained":[{"floor":0,"key":"SmokeBomb"},{"floor":0,"key":"CunningPotion"},{"floor":0,"key":"Ancient Potion"},{"floor":1,"key":"Fire Potion"},{"floor":2,"key":"LiquidBronze"},{"floor":8,"key":"Regen Potion"},{"floor":12,"key":"EssenceOfSteel"}],"is_trial":false,"path_per_floor":["M","M","?","M","M","E","R","E","T","?","E","M","M","M","R","B"],"character_chosen":"THE_SILENT","basemod:card_modifiers":[null,null,null,null,null,null,null,null,null,null,null,null,null,null,null,null,null,null,null,null,null],"items_purchased":[],"campfire_rested":1,"item_purchase_floors":[],"current_hp_per_floor":[69,69,69,68,68,47,47,15,15,15,25,27,29,10,34,0],"gold":421,"neow_bonus":"THREE_SMALL_POTIONS","is_prod":false,"is_daily":false,"chose_seed":false,"campfire_upgraded":1,"win_rate":0,"timestamp":1679274865,"path_taken":["M","M","?","M","M","E","R","E","T","?","E","M","?","M","R","BOSS"],"build_version":"2022-12-18","purchased_purges":0,"victory":false,"max_hp_per_floor":[70,70,70,70,70,70,70,70,70,70,80,80,80,80,80,80],"card_choices":[{"not_picked":["Bane","Backflip"],"picked":"Acrobatics","floor":1},{"not_picked":["Blade Dance","Dodge and Roll"],"picked":"Cloak And Dagger","floor":2},{"not_picked":["Storm of Steel","Outmaneuver"],"picked":"Blade Dance","floor":4},{"not_picked":["Quick Slash","Riddle With Holes"],"picked":"Crippling Poison","floor":5},{"not_picked":["Wraith Form v2","Well Laid Plans"],"picked":"Predator","floor":6},{"not_picked":["Flying Knee","Masterful Stab"],"picked":"Terror","floor":8},{"not_picked":["Flechettes","Prepared","Bouncing Flask"],"picked":"SKIP","floor":11},{"not_picked":["Dagger Throw","Dagger Spray"],"picked":"Caltrops","floor":12},{"not_picked":["Slice","Setup"],"picked":"PiercingWail","floor":13},{"not_picked":["Flechettes","Underhanded Strike","Expertise"],"picked":"SKIP","floor":14}],"player_experience":1300314,"relics_obtained":[{"floor":6,"key":"MawBank"},{"floor":8,"key":"Potion Belt"},{"floor":9,"key":"Blood Vial"},{"floor":11,"key":"Pear"}],"event_choices":[{"damage_healed":0,"gold_gain":0,"player_choice":"Ignored","damage_taken":0,"max_hp_gain":0,"max_hp_loss":0,"event_name":"Liars Game","floor":3,"gold_loss":0},{"cards_removed":["Terror"],"damage_healed":0,"gold_gain":0,"player_choice":"Take \u0026 Give","damage_taken":0,"max_hp_gain":0,"max_hp_loss":0,"event_name":"betterNote:BetterNote","floor":10,"gold_loss":0,"cards_obtained":["Corpse Explosion"]}],"is_beta":false,"boss_relics":[],"items_purged_floors":[],"is_endless":false,"potions_floor_spawned":[1,2,8,12],"killed_by":"Hexaghost","ascension_level":1}