{"gold_per_floor":[111,131,56,72,32,32,63,75,102,129,129,129,144,161,161,262,262,272,118,129,229,247,281,300,300],"floor_reached":25,"playtime":1689,"items_purged":["Defend_G","Defend_G"],"score":247,"play_id":"cfe1f4f2-d47a-4d15-acc6-4710fb19a1cd","local_time":"20230319214302","is_ascension_mode":true,"campfire_choices":[{"data":"Eviscerate","floor":6,"key":"SMITH"},{"data":"Noxious Fumes","floor":12,"key":"SMITH"},{"floor":15,"key":"REST"}],"neow_cost":"NONE","seed_source_timestamp":412979904001400,"circlet_count":0,"master_deck":["Strike_G","Strike_G","Strike_G","Strike_G","Strike_G","Defend_G","Defend_G","Defend_G","Survivor","Neutralize","Eviscerate+1","Noxious Fumes+1","Footwork","Poisoned Stab","Poisoned Stab","PiercingWail","Die Die Die","CurseOfTheBell","Deflect+1","Deflect","Footwork","Deadly Poison","Well Laid Plans","Acrobatics"],"relics":["Ring of the Snake","Blood Vial","Centennial Puzzle","Bronze Scales","Nunchaku","Calling Bell","Art of War","Pear","Turnip","Gremlin Horn"],"potions_floor_usage":[7,10,16,16,23,23],"damage_taken":[{"damage":0,"enemies":"2 Louse","floor":1,"turns":3},{"damage":0,"enemies":"Small Slimes","floor":2,"turns":4},{"damage":0,"enemies":"Cultist","floor":4,"turns":4},{"damage":10,"enemies":"Gremlin Nob","floor":7,"turns":3},{"damage":0,"enemies":"Large Slime","floor":8,"turns":6},{"damage":11,"enemies":"Lagavulin","floor":10,"turns":5},{"damage":10,"enemies":"Looter","floor":13,"turns":3},{"damage":3,"enemies":"3 Louse","floor":14,"turns":3},{"damage":29,"enemies":"Slime Boss","floor":16,"turns":9},{"damage":0,"enemies":"Chosen","floor":18,"turns":5},{"damage":14,"enemies":"Shell Parasite","floor":20,"turns":4},{"damage":15,"enemies":"Centurion and Healer","floor":22,"turns":8},{"damage":17,"enemies":"Slavers","floor":23,"turns":4},{"damage":5,"enemies":"Cultist and Chosen","floor":24,"turns":6},{"damage":41,"enemies":"Gremlin Leader","floor":25,"turns":7}],"seed_played":"-7712380478196182890","potions_obtained":[{"floor":1,"key":"LiquidBronze"},{"floor":4,"key":"AttackPotion"},{"floor":7,"key":"Poison Potion"},{"floor":13,"key":"SpeedPotion"},{"floor":18,"key":"LiquidBronze"},{"floor":22,"key":"Explosive Potion"}],"is_trial":false,"path_per_floor":["M","M","$","M","$","R","E","M","T","E","?","R","M","M","R","B",null,"M","$","M","?","M","E","M","E"],"character_chosen":"THE_SILENT","basemod:card_modifiers":[null,null,null,null,null,null,null,null,null,null,null,null,null,null,null,null,null,null,null,null,null,null,null,null],"items_purchased":["Footwork","Deflect"],"campfire_rested":1,"item_purchase_floors":[5,19],"current_hp_per_floor":[70,70,70,70,70,70,60,62,62,53,53,53,45,44,65,38,80,80,80,66,66,53,38,35,0],"gold":300,"neow_bonus":"RANDOM_COMMON_RELIC","is_prod":false,"is_daily":false,"chose_seed":false,"campfire_upgraded":2,"win_rate":0,"timestamp":1679276582,"path_taken":["M","M","$","M","$","R","E","M","T","E","?","R","M","M","R","BOSS","M","$","M","?","?","E","M","E"],"build_version":"2022-12-18","purchased_purges":2,"victory":false,"max_hp_per_floor":[70,70,70,70,70,70,70,70,70,70,70,70,70,70,70,70,80,80,80,80,80,80,80,80,80],"card_choices":[{"not_picked":["Dodge and Roll","Predator"],"picked":"Eviscerate","floor":1},{"not_picked":["Backstab","Outmaneuver"],"picked":"Noxious Fumes","floor":2},{"not_picked":["Choke","Dagger Throw","Sucker Punch"],"picked":"SKIP","floor":4},{"not_picked":["Slice","Bouncing Flask"],"picked":"Poisoned Stab","floor":7},{"not_picked":["Slice","Flying Knee","Dash"],"picked":"SKIP","floor":8},{"not_picked":["Acrobatics","Dodge and Roll"],"picked":"Poisoned Stab","floor":10},{"not_picked":["Concentrate","Well Laid Plans"],"picked":"PiercingWail","floor":13},{"not_picked":["Slice","PiercingWail","Deflect"],"picked":"SKIP","floor":14},{"not_picked":["Doppelganger","Bullet Time"],"picked":"Die Die Die","floor":16},{"not_picked":["Outmaneuver","Poisoned Stab"],"picked":"Deflect+1","floor":18},{"not_picked":["Bane","Crippling Poison+1"],"picked":"Footwork","floor":20},{"not_picked":["Flechettes","Skewer"],"picked":"Deadly Poison","floor":22},{"not_picked":["Backstab","Underhanded Strike"],"picked":"Well Laid Plans","floor":23},{"not_picked":["Dodge and Roll","Skewer"],"picked":"Acrobatics","floor":24}],"player_experience":1301350,"relics_obtained":[{"floor":7,"key":"Centennial Puzzle"},{"floor":9,"key":"Bronze Scales"},{"floor":10,"key":"Nunchaku"},{"floor":17,"key":"Art of War"},{"floor":17,"key":"Pear"},{"floor":17,"key":"Turnip"},{"floor":23,"key":"Gremlin Horn"}],"event_choices":[{"damage_healed":0,"gold_gain":0,"player_choice":"Ignored","damage_taken":0,"max_hp_gain":0,"max_hp_loss":0,"event_name":"Liars Game","floor":11,"gold_loss":0},{"damage_healed":0,"gold_gain":100,"player_choice":"Pray","damage_taken":0,"max_hp_gain":0,"max_hp_loss":0,"event_name":"Golden Shrine","floor":21,"gold_loss":0}],"is_beta":false,"boss_relics":[{"not_picked":["Busted Crown","Empty Cage"],"picked":"Calling Bell"}],"items_purged_floors":[3,19],"is_endless":false,"potions_floor_spawned":[1,4,7,13,18,22],"killed_by":"Gremlin Leader","ascension_level":1}