{"gold_per_floor":[116,135,16,31,51,51,66,94,94,7,7,41,41,41,41,115,115,127,139,39,49,49,49,49,49,72,72],"floor_reached":27,"playtime":958,"items_purged":["Defend_G","Storm of Steel+1"],"score":442,"play_id":"36c2f03f-f4bd-46d9-9561-91c3964a7f20","local_time":"20230401154236","is_ascension_mode":true,"campfire_choices":[{"data":"Well Laid Plans","floor":6.0,"key":"SMITH"},{"data":"Footwork","floor":11.0,"key":"SMITH"},{"floor":13,"key":"REST"},{"floor":15,"key":"REST"},{"floor":23,"key":"REST"},{"floor":25,"key":"REST"}],"neow_cost":"NONE","seed_source_timestamp":1515260162775100,"circlet_count":0,"master_deck":["AscendersBane","Strike_G+1","Strike_G+1","Strike_G+1","Strike_G+1","Strike_G+1","Defend_G+1","Defend_G+1","Defend_G+1","Defend_G+1","Survivor","Neutralize","Sucker Punch","Dagger Spray","Blur+1","Well Laid Plans+1","Masterful Stab","Prepared","Blade Dance+1","Footwork+1","Blur+1","Dodge and Roll+1","Acrobatics+1","Ghostly+1","Ghostly+1","Ghostly+1"],"special_seed":0,"relics":["Ring of the Serpent","NeowsBlessing","Toxic Egg 2","Shuriken","StoneCalendar","Regal Pillow"],"potions_floor_usage":[12,16,21,27],"damage_taken":[{"damage":0.0,"enemies":"Cultist","floor":1.0,"turns":1.0},{"damage":0.0,"enemies":"Jaw Worm","floor":2.0,"turns":1.0},{"damage":0.0,"enemies":"Small Slimes","floor":4.0,"turns":1.0},{"damage":1.0,"enemies":"3 Louse","floor":5.0,"turns":2.0},{"damage":2.0,"enemies":"Large Slime","floor":7.0,"turns":8.0},{"damage":7.0,"enemies":"3 Sentries","floor":8.0,"turns":7.0},{"damage":33,"enemies":"Gremlin Nob","floor":12,"turns":4},{"damage":5,"enemies":"Hexaghost","floor":16,"turns":9},{"damage":34,"enemies":"Shell Parasite","floor":18,"turns":6},{"damage":4,"enemies":"Spheric Guardian","floor":19,"turns":6},{"damage":12,"enemies":"Snake Plant","floor":21,"turns":7},{"damage":26,"enemies":"Book of Stabbing","floor":27,"turns":8}],"seed_played":"-464724447026674938","potions_obtained":[{"floor":1.0,"key":"DuplicationPotion"},{"floor":4.0,"key":"Explosive Potion"},{"floor":7.0,"key":"Fire Potion"},{"floor":12,"key":"DuplicationPotion"},{"floor":16,"key":"SpeedPotion"},{"floor":18,"key":"Dexterity Potion"}],"is_trial":false,"path_per_floor":["M","M","$","M","M","R","M","E","T","$","R","E","R","?","R","B",null,"M","M","$","M","?","R","?","R","T","E"],"character_chosen":"THE_SILENT","basemod:card_modifiers":[null,null,null,null,null,null,null,null,null,null,null,null,null,null,null,null,null,null,null,null,null,null,null,null,null,null],"items_purchased":["Blur","Footwork"],"campfire_rested":4,"item_purchase_floors":[3,10],"current_hp_per_floor":[59,59,59,59,58,58,56,49,49,49,49,16,35,15,34,29,57,23,19,19,7,7,16,16,25,25,0],"gold":72,"neow_bonus":"THREE_ENEMY_KILL","is_prod":false,"is_daily":false,"chose_seed":false,"campfire_upgraded":2,"win_rate":0,"timestamp":1680378156,"path_taken":["M","?","$","M","M","R","M","E","T","$","R","E","R","?","R","BOSS","M","M","$","M","?","R","?","R","T","E"],"build_version":"2022-12-18","purchased_purges":2,"victory":false,"max_hp_per_floor":[66,66,66,66,66,66,66,66,66,66,66,66,66,66,66,66,66,66,66,66,66,33,33,33,33,33,33],"card_choices":[{"not_picked":["Reflex","Flying Knee"],"picked":"Sucker Punch","floor":1.0},{"not_picked":["Underhanded Strike","Backstab"],"picked":"Dagger Spray","floor":2.0},{"not_picked":["Expertise","Finisher"],"picked":"Well Laid Plans","floor":4.0},{"not_picked":["Eviscerate","Backstab"],"picked":"Masterful Stab","floor":5.0},{"not_picked":["Dodge and Roll","Expertise"],"picked":"Prepared","floor":7.0},{"not_picked":["Underhanded Strike","Bullet Time+1"],"picked":"Blade Dance+1","floor":8.0},{"not_picked":["Choke","Accuracy"],"picked":"Blur+1","floor":12},{"not_picked":["Grand Finale","Bullet Time+1"],"picked":"Storm of Steel+1","floor":16},{"not_picked":["Dash+1","Noxious Fumes"],"picked":"Dodge and Roll+1","floor":18},{"not_picked":["Dagger Spray","Flechettes+1"],"picked":"Acrobatics+1","floor":19},{"not_picked":["Underhanded Strike","Flying Knee","Sucker Punch"],"picked":"SKIP","floor":21}],"player_experience":1368678,"relics_obtained":[{"floor":8.0,"key":"Toxic Egg 2"},{"floor":9.0,"key":"Shuriken"},{"floor":12,"key":"StoneCalendar"},{"floor":26,"key":"Regal Pillow"}],"event_choices":[{"damage_healed":0,"gold_gain":0,"player_choice":"Entered Light","damage_taken":20,"max_hp_gain":0,"max_hp_loss":0,"event_name":"Shining Light","floor":14,"gold_loss":0,"cards_upgraded":["Defend_G","Blur"]},{"damage_healed":0,"gold_gain":0,"player_choice":"Became a Ghost","damage_taken":0,"max_hp_gain":0,"max_hp_loss":33,"event_name":"Ghosts","floor":22,"gold_loss":0,"cards_obtained":["Ghostly","Ghostly","Ghostly"]},{"damage_healed":0,"gold_gain":0,"player_choice":"Simplicity","damage_taken":0,"max_hp_gain":0,"max_hp_loss":0,"event_name":"Back to Basics","floor":24,"gold_loss":0,"cards_upgraded":["Strike_G","Strike_G","Strike_G","Strike_G","Strike_G","Defend_G","Defend_G","Defend_G"]}],"is_beta":false,"boss_relics":[{"not_picked":["Philosopher\u0027s Stone","Empty Cage"],"picked":"Ring of the Serpent"}],"items_purged_floors":[3,20],"is_endless":false,"potions_floor_spawned":[1,4,7,12,16,18],"killed_by":"Book of Stabbing","ascension_level":20}