{"gold_per_floor":[115,128,139,150,150,150,184,56,108,108,138,173,183,183,183,284,284,299,310,133,144,144,144,178,194,194,194,204,230,246,258,258,358,358,371,382,257,257,269,269,269],"floor_reached":41,"playtime":2237,"items_purged":["Defend_G","Defend_G","Strike_G"],"score":534,"play_id":"a5b4d297-1975-46f3-9820-66f6770069d6","local_time":"20230407233418","is_ascension_mode":true,"campfire_choices":[{"data":"Calculated Gamble","floor":6,"key":"SMITH"},{"floor":10,"key":"REST"},{"data":"Deflect","floor":15,"key":"SMITH"},{"data":"After Image","floor":23,"key":"SMITH"},{"data":"Dash","floor":27,"key":"SMITH"},{"data":"Accuracy","floor":32,"key":"SMITH"},{"data":"Eviscerate","floor":40,"key":"SMITH"}],"neow_cost":"NONE","seed_source_timestamp":292500765029300,"circlet_count":0,"master_deck":["Strike_G","Strike_G+1","Strike_G","Strike_G","Defend_G","Defend_G","Survivor","Neutralize","Calculated Gamble+1","Dagger Spray","Backstab","Choke","Blade Dance","Deflect+1","Blade Dance","Glass Knife+1","Adrenaline","Eviscerate","After Image+1","Accuracy+1","Dash+1","Eviscerate","Corpse Explosion","Eviscerate+1"],"relics":["Ring of the Snake","Ancient Tea Set","Shuriken","Orichalcum","Pen Nib","Snecko Eye","Torii","Lantern","Incense Burner","Velvet Choker"],"potions_floor_usage":[2,7,16,19,19,25,29,39],"damage_taken":[{"damage":0,"enemies":"2 Louse","floor":1,"turns":3},{"damage":6,"enemies":"Small Slimes","floor":2,"turns":4},{"damage":0,"enemies":"Cultist","floor":3,"turns":4},{"damage":0,"enemies":"Exordium Wildlife","floor":4,"turns":3},{"damage":12,"enemies":"Gremlin Nob","floor":7,"turns":3},{"damage":5,"enemies":"3 Sentries","floor":12,"turns":4},{"damage":0,"enemies":"3 Louse","floor":13,"turns":2},{"damage":8,"enemies":"Hexaghost","floor":16,"turns":5},{"damage":0,"enemies":"Chosen","floor":18,"turns":3},{"damage":4,"enemies":"2 Thieves","floor":19,"turns":4},{"damage":2,"enemies":"Centurion and Healer","floor":21,"turns":2},{"damage":4,"enemies":"Book of Stabbing","floor":24,"turns":3},{"damage":2,"enemies":"Chosen and Byrds","floor":25,"turns":4},{"damage":0,"enemies":"Cultist and Chosen","floor":28,"turns":3},{"damage":1,"enemies":"Slavers","floor":29,"turns":5},{"damage":15,"enemies":"Snake Plant","floor":30,"turns":3},{"damage":0,"enemies":"3 Cultists","floor":31,"turns":3},{"damage":25,"enemies":"Automaton","floor":33,"turns":7},{"damage":17,"enemies":"3 Shapes","floor":35,"turns":3},{"damage":0,"enemies":"3 Darklings","floor":36,"turns":3},{"damage":1,"enemies":"Maw","floor":39,"turns":6},{"damage":56,"enemies":"Reptomancer","floor":41,"turns":3}],"seed_played":"5190238361130668369","potions_obtained":[{"floor":1,"key":"AttackPotion"},{"floor":4,"key":"CultistPotion"},{"floor":12,"key":"LiquidBronze"},{"floor":13,"key":"Block Potion"},{"floor":18,"key":"Weak Potion"},{"floor":19,"key":"SkillPotion"},{"floor":25,"key":"SkillPotion"},{"floor":30,"key":"Weak Potion"},{"floor":35,"key":"Ancient Potion"}],"is_trial":false,"path_per_floor":["M","M","M","M","?","R","E","$","T","R","?","E","M","?","R","B",null,"M","M","$","M","?","R","E","M","T","R","M","E","M","M","R","B",null,"M","M","$","?","M","R","E"],"character_chosen":"THE_SILENT","basemod:card_modifiers":[null,null,null,null,null,null,null,null,null,null,null,null,null,null,null,null,null,null,null,null,null,null,null,null],"items_purchased":["Deflect","Eviscerate"],"campfire_rested":1,"item_purchase_floors":[8,20],"current_hp_per_floor":[70,64,64,64,50,50,38,38,38,59,59,54,54,54,54,46,70,70,66,66,64,64,64,60,58,58,58,58,57,42,42,42,17,70,53,53,53,53,52,52,0],"gold":269,"neow_bonus":"RANDOM_COMMON_RELIC","is_prod":false,"is_daily":false,"chose_seed":false,"campfire_upgraded":6,"win_rate":0,"timestamp":1680924858,"path_taken":["M","M","M","M","?","R","E","$","T","R","?","E","M","?","R","BOSS","M","M","$","?","?","R","E","M","T","R","M","E","M","M","R","BOSS","M","M","$","?","M","R","E"],"build_version":"2022-12-18","purchased_purges":3,"victory":false,"max_hp_per_floor":[70,70,70,70,70,70,70,70,70,70,70,70,70,70,70,70,70,70,70,70,70,70,70,70,70,70,70,70,70,70,70,70,70,70,70,70,70,70,70,70,70],"card_choices":[{"not_picked":["Finisher","Deflect"],"picked":"Calculated Gamble","floor":1},{"not_picked":["Sucker Punch","Prepared"],"picked":"Dagger Spray","floor":2},{"not_picked":["Underhanded Strike","Quick Slash"],"picked":"Backstab","floor":3},{"not_picked":["Leg Sweep","Blur"],"picked":"Choke","floor":4},{"not_picked":["Concentrate","Backflip"],"picked":"Blade Dance","floor":7},{"not_picked":["Eviscerate","Dagger Throw"],"picked":"Blade Dance","floor":12},{"not_picked":["Reflex","Outmaneuver"],"picked":"Glass Knife","floor":13},{"not_picked":["Glass Knife","Storm of Steel"],"picked":"Adrenaline","floor":16},{"not_picked":["Deadly Poison","Acrobatics","Tactician"],"picked":"SKIP","floor":18},{"not_picked":["Backflip","Bane","Leg Sweep"],"picked":"SKIP","floor":19},{"not_picked":["Blur","Eviscerate"],"picked":"After Image","floor":21},{"not_picked":["Leg Sweep","PiercingWail"],"picked":"Accuracy","floor":24},{"not_picked":["Catalyst","Dagger Spray"],"picked":"Dash","floor":25},{"not_picked":["Endless Agony","Flying Knee","Skewer"],"picked":"SKIP","floor":28},{"not_picked":["Dagger Throw","Backflip","All Out Attack"],"picked":"SKIP","floor":29},{"not_picked":["Cloak And Dagger","Slice"],"picked":"Eviscerate","floor":30},{"not_picked":["Crippling Poison","Skewer+1","PiercingWail"],"picked":"SKIP","floor":31},{"not_picked":["Venomology","Burst"],"picked":"Corpse Explosion","floor":33},{"not_picked":["Heel Hook+1","Dagger Throw+1"],"picked":"Eviscerate","floor":35},{"not_picked":["Flechettes+1","Bouncing Flask+1","Concentrate+1"],"picked":"SKIP","floor":36},{"not_picked":["Acrobatics","Deadly Poison+1","Dagger Spray+1"],"picked":"SKIP","floor":39}],"player_experience":1379227,"relics_obtained":[{"floor":7,"key":"Shuriken"},{"floor":9,"key":"Orichalcum"},{"floor":12,"key":"Pen Nib"},{"floor":24,"key":"Torii"},{"floor":26,"key":"Lantern"},{"floor":29,"key":"Incense Burner"}],"event_choices":[{"damage_healed":0,"gold_gain":0,"player_choice":"Entered Light","damage_taken":14,"max_hp_gain":0,"max_hp_loss":0,"event_name":"Shining Light","floor":5,"gold_loss":0,"cards_upgraded":["Defend_G","Strike_G"]},{"damage_healed":0,"gold_gain":30,"player_choice":"Searched \u00271\u0027 times","damage_taken":0,"max_hp_gain":0,"max_hp_loss":0,"event_name":"Dead Adventurer","floor":11,"gold_loss":0},{"damage_healed":0,"gold_gain":0,"player_choice":"Forge","damage_taken":0,"max_hp_gain":0,"max_hp_loss":0,"event_name":"Accursed Blacksmith","floor":14,"gold_loss":0,"cards_upgraded":["Glass Knife"]},{"damage_healed":0,"gold_gain":0,"player_choice":"Leave","damage_taken":0,"max_hp_gain":0,"max_hp_loss":0,"event_name":"FaceTrader","floor":22,"gold_loss":0},{"cards_removed":["Defend_G"],"damage_healed":0,"gold_gain":0,"player_choice":"Removed Skill","damage_taken":0,"max_hp_gain":0,"max_hp_loss":0,"event_name":"Falling","floor":38,"gold_loss":0}],"is_beta":false,"boss_relics":[{"not_picked":["Astrolabe","SlaversCollar"],"picked":"Snecko Eye"},{"not_picked":["Calling Bell","Fusion Hammer"],"picked":"Velvet Choker"}],"items_purged_floors":[8,20,37],"is_endless":false,"potions_floor_spawned":[1,4,12,13,18,19,25,30,35],"killed_by":"Reptomancer","ascension_level":4}