{"gold_per_floor":[115,135,146,146,158,188,60,72,72,72,72,72,84,84],"floor_reached":14,"playtime":664,"items_purged":["Strike_G"],"score":184,"play_id":"1cf0e8f0-d826-4279-8b86-04ee7e9a5863","local_time":"20230329180210","is_ascension_mode":true,"campfire_choices":[{"data":"Terror","floor":10,"key":"SMITH"}],"neow_cost":"NONE","seed_source_timestamp":1264785196672800,"circlet_count":0,"master_deck":["AscendersBane","Strike_G","Strike_G","Strike_G","Defend_G","Defend_G","Defend_G","Defend_G","Survivor","Neutralize","Malaise","Sucker Punch","Dagger Spray","Deadly Poison","Terror+1","Bane","PiercingWail","Leg Sweep","Poisoned Stab"],"relics":["Ring of the Snake","Pear","Eternal Feather"],"potions_floor_usage":[6,8,14],"damage_taken":[{"damage":1,"enemies":"Cultist","floor":1,"turns":5},{"damage":0,"enemies":"Jaw Worm","floor":2,"turns":7},{"damage":7,"enemies":"2 Louse","floor":3,"turns":3},{"damage":12,"enemies":"Red Slaver","floor":5,"turns":5},{"damage":7,"enemies":"Gremlin Nob","floor":6,"turns":4},{"damage":5,"enemies":"Gremlin Gang","floor":8,"turns":3},{"damage":0,"enemies":"Looter","floor":13,"turns":3},{"damage":53,"enemies":"3 Sentries","floor":14,"turns":16}],"seed_played":"7427692803803961817","potions_obtained":[{"floor":2,"key":"GhostInAJar"},{"floor":6,"key":"Fire Potion"},{"floor":8,"key":"SteroidPotion"}],"is_trial":false,"path_per_floor":["M","M","M","?","M","E","$","M","T","R","?","$","M","E"],"character_chosen":"THE_SILENT","basemod:card_modifiers":[null,null,null,null,null,null,null,null,null,null,null,null,null,null,null,null,null,null,null],"items_purchased":["PiercingWail"],"campfire_rested":0,"item_purchase_floors":[7],"current_hp_per_floor":[58,58,51,51,39,42,42,37,37,46,46,46,46,0],"gold":84,"neow_bonus":"ONE_RANDOM_RARE_CARD","is_prod":false,"is_daily":false,"chose_seed":false,"campfire_upgraded":1,"win_rate":0,"timestamp":1680127330,"path_taken":["M","M","?","?","M","E","$","?","T","R","?","$","?","E"],"build_version":"2022-12-18","purchased_purges":1,"victory":false,"max_hp_per_floor":[66,66,66,66,66,76,76,76,76,76,76,76,76,76],"card_choices":[{"not_picked":["Flying Knee","Slice"],"picked":"Sucker Punch","floor":1},{"not_picked":["Prepared","Dagger Throw"],"picked":"Dagger Spray","floor":2},{"not_picked":["Skewer","Distraction"],"picked":"Deadly Poison","floor":3},{"not_picked":["Accuracy","Sucker Punch"],"picked":"Terror","floor":5},{"not_picked":["Predator","Blade Dance"],"picked":"Bane","floor":6},{"not_picked":["Skewer","Reflex"],"picked":"Leg Sweep","floor":8},{"not_picked":["Dagger Spray","Blade Dance","Crippling Poison"],"picked":"SKIP","floor":13}],"player_experience":1350182,"relics_obtained":[{"floor":6,"key":"Pear"},{"floor":9,"key":"Eternal Feather"}],"event_choices":[{"cards_removed":["Defend_G"],"damage_healed":0,"gold_gain":0,"player_choice":"Purged","damage_taken":0,"max_hp_gain":0,"max_hp_loss":0,"event_name":"Purifier","floor":4,"gold_loss":0},{"damage_healed":0,"gold_gain":0,"cards_transformed":["Strike_G"],"player_choice":"Transformed","damage_taken":0,"max_hp_gain":0,"max_hp_loss":0,"event_name":"Transmorgrifier","floor":11,"gold_loss":0,"cards_obtained":["Poisoned Stab"]}],"is_beta":false,"boss_relics":[],"items_purged_floors":[7],"is_endless":false,"potions_floor_spawned":[2,6,8],"killed_by":"3 Sentries","ascension_level":20}