{"gold_per_floor":[112,187,20,20,20,20,58,58,58,58,76,96,166,207,207,298,298,316,316,341,356,9,9,49,49,49,49,74,105,123,44,44,140,140,155,168,14,34,53,53,67,67,67,67,67,67,67,106,106,106,106],"floor_reached":51,"playtime":2402,"items_purged":["Strike_G","Strike_G","Strike_G"],"score":1542,"play_id":"f50f71c5-40d9-4c61-beda-ef3dfcc6fb11","local_time":"20230329191246","is_ascension_mode":true,"campfire_choices":[{"floor":6.0,"key":"REST"},{"data":"Noxious Fumes","floor":8.0,"key":"SMITH"},{"floor":10,"key":"REST"},{"data":"Deadly Poison","floor":15,"key":"SMITH"},{"floor":23,"key":"REST"},{"floor":32,"key":"REST"},{"data":"Wraith Form v2","floor":40,"key":"SMITH"},{"floor":45,"key":"REST"},{"floor":47,"key":"REST"},{"data":"Accuracy","floor":49,"key":"SMITH"}],"neow_cost":"NONE","seed_source_timestamp":0,"circlet_count":0,"master_deck":["AscendersBane","Strike_G","Strike_G","Defend_G","Defend_G","Defend_G","Survivor","Neutralize","Backflip","Noxious Fumes+1","Deadly Poison+1","Backflip","PiercingWail","Blade Dance","All Out Attack","Wraith Form v2+1","Deadly Poison","Adrenaline","Bane+1","Envenom","Choke","Bullet Time","Bane","Accuracy+1","Bouncing Flask","Acrobatics+1"],"special_seed":0,"relics":["Ring of the Snake","NeowsBlessing","Dream Catcher","Golden Idol","Lizard Tail","Singing Bowl","Matryoshka","MealTicket","Snecko Eye","TwistedFunnel","Vajra","Nunchaku","Calipers","Blood Vial","WristBlade","Juzu Bracelet","Blue Candle","Pen Nib"],"potions_floor_usage":[14,16,21,29,33,39,39,48,50],"damage_taken":[{"damage":0.0,"enemies":"Jaw Worm","floor":1.0,"turns":1.0},{"damage":0.0,"enemies":"3 Sentries","floor":7.0,"turns":2.0},{"damage":0,"enemies":"Small Slimes","floor":11,"turns":1},{"damage":0,"enemies":"2 Louse","floor":12,"turns":2},{"damage":0,"enemies":"Lagavulin","floor":14,"turns":6},{"damage":47,"enemies":"Hexaghost","floor":16,"turns":10},{"damage":2,"enemies":"3 Byrds","floor":18,"turns":4},{"damage":15,"enemies":"Chosen","floor":20,"turns":6},{"damage":33,"enemies":"Centurion and Healer","floor":21,"turns":8},{"damage":12,"enemies":"Slavers","floor":24,"turns":4},{"damage":6,"enemies":"Cultist and Chosen","floor":28,"turns":6},{"damage":0,"enemies":"Book of Stabbing","floor":29,"turns":4},{"damage":15,"enemies":"Chosen and Byrds","floor":30,"turns":5},{"damage":60,"enemies":"Collector","floor":33,"turns":8},{"damage":18,"enemies":"3 Darklings","floor":35,"turns":5},{"damage":0,"enemies":"3 Shapes","floor":36,"turns":2},{"damage":12,"enemies":"3 Darklings","floor":38,"turns":5},{"damage":23,"enemies":"Transient","floor":39,"turns":6},{"damage":27,"enemies":"Maw","floor":41,"turns":7},{"damage":0,"enemies":"Reptomancer","floor":48,"turns":5},{"damage":78,"enemies":"Donu and Deca","floor":50,"turns":10},{"damage":46,"enemies":"Awakened One","floor":51,"turns":5}],"seed_played":"6461549649274076729","potions_obtained":[{"floor":1.0,"key":"Weak Potion"},{"floor":7.0,"key":"BlessingOfTheForge"},{"floor":18,"key":"Weak Potion"},{"floor":21,"key":"AttackPotion"},{"floor":30,"key":"DistilledChaos"},{"floor":36,"key":"Dexterity Potion"},{"floor":38,"key":"Dexterity Potion"},{"floor":39,"key":"Strength Potion"},{"floor":41,"key":"LiquidMemories"}],"is_trial":false,"path_per_floor":["M","?","$","?","?","R","E","R","T","R","M","M","T","E","R","B",null,"M","?","M","M","$","R","E","$","T","?","M","E","M","$","R","B",null,"M","M","$","M","M","R","M","?","T","?","R","?","R","E","R","B","B"],"character_chosen":"THE_SILENT","basemod:card_modifiers":[null,null,null,null,null,null,null,null,null,null,null,null,null,null,null,null,null,null,null,null,null,null,null,null,null,null],"items_purchased":["Noxious Fumes","Deadly Poison","TwistedFunnel","Adrenaline","Envenom","Bane"],"campfire_rested":6,"item_purchase_floors":[3,3,22,22,31,37],"current_hp_per_floor":[59,48,48,30,30,48,48,48,48,60,60,62,62,64,64,17,52,52,52,39,6,21,41,31,46,46,46,42,44,33,48,70,12,60,46,50,65,55,34,34,11,11,11,11,36,36,60,64,64,41,0],"gold":106,"neow_bonus":"THREE_ENEMY_KILL","is_prod":false,"is_daily":false,"chose_seed":false,"campfire_upgraded":4,"win_rate":0,"timestamp":1680131566,"path_taken":["M","?","$","?","?","R","E","R","T","R","?","M","?","E","R","BOSS","M","?","M","M","$","R","E","$","T","?","M","E","?","?","R","BOSS","M","M","$","M","M","R","M","?","T","?","R","?","R","E","R","BOSS","BOSS"],"build_version":"2022-12-18","purchased_purges":3,"victory":false,"max_hp_per_floor":[66,66,66,66,60,60,60,60,60,60,60,62,62,64,64,64,64,66,66,68,68,68,68,70,70,70,70,72,74,76,76,76,76,76,78,80,80,80,80,80,82,82,82,78,80,80,80,82,82,82,82],"card_choices":[{"not_picked":["Masterful Stab","Accuracy"],"picked":"Backflip","floor":1.0},{"not_picked":["Quick Slash","Dagger Throw"],"picked":"Backflip","floor":6.0},{"not_picked":["Flying Knee","Dagger Throw"],"picked":"PiercingWail","floor":7.0},{"not_picked":["Sucker Punch","Reflex"],"picked":"Blade Dance","floor":10},{"not_picked":["PiercingWail","Setup"],"picked":"All Out Attack","floor":11},{"not_picked":["Caltrops","Envenom","Dash"],"picked":"Singing Bowl","floor":12},{"not_picked":["Finisher","Terror","Underhanded Strike"],"picked":"Singing Bowl","floor":14},{"not_picked":["Unload","Phantasmal Killer"],"picked":"Wraith Form v2","floor":16},{"not_picked":["Prepared","Dodge and Roll","Deflect"],"picked":"Singing Bowl","floor":18},{"not_picked":["Predator","PiercingWail","Concentrate"],"picked":"Singing Bowl","floor":20},{"not_picked":["Blade Dance","Prepared"],"picked":"Deadly Poison","floor":21},{"not_picked":["Bouncing Flask","Cloak And Dagger"],"picked":"Bane+1","floor":23},{"not_picked":["Dodge and Roll","Underhanded Strike","Terror"],"picked":"Singing Bowl","floor":24},{"not_picked":["Venomology","Distraction","Bane+1"],"picked":"Singing Bowl","floor":28},{"not_picked":["Slice","Flying Knee","Poisoned Stab"],"picked":"Singing Bowl","floor":29},{"not_picked":["Deflect","Prepared","Cloak And Dagger"],"picked":"Singing Bowl","floor":30},{"not_picked":["Caltrops","Escape Plan"],"picked":"Choke","floor":32},{"not_picked":["Corpse Explosion","Adrenaline"],"picked":"Bullet Time","floor":33},{"not_picked":["PiercingWail+1","Dash","Escape Plan+1"],"picked":"Singing Bowl","floor":35},{"not_picked":["Cloak And Dagger","Blade Dance","Terror"],"picked":"Singing Bowl","floor":36},{"not_picked":["Slice","Concentrate"],"picked":"Accuracy","floor":38},{"not_picked":["Quick Slash+1","Sucker Punch"],"picked":"Bouncing Flask","floor":39},{"not_picked":["Poisoned Stab","PiercingWail+1","Cloak And Dagger"],"picked":"Singing Bowl","floor":41},{"not_picked":["Deadly Poison+1","Flying Knee","Glass Knife"],"picked":"Singing Bowl","floor":45},{"not_picked":["Heel Hook+1","Dagger Spray"],"picked":"Acrobatics+1","floor":47},{"not_picked":["Dash+1","Bouncing Flask+1","Slice"],"picked":"Singing Bowl","floor":48}],"player_experience":1351084,"relics_obtained":[{"floor":7.0,"key":"Lizard Tail"},{"floor":9,"key":"Singing Bowl"},{"floor":13,"key":"Matryoshka"},{"floor":14,"key":"MealTicket"},{"floor":24,"key":"Vajra"},{"floor":26,"key":"Nunchaku"},{"floor":26,"key":"Calipers"},{"floor":29,"key":"Blood Vial"},{"floor":43,"key":"Juzu Bracelet"},{"floor":43,"key":"Blue Candle"},{"floor":48,"key":"Pen Nib"}],"event_choices":[{"damage_healed":0.0,"max_hp_gain":0.0,"max_hp_loss":0.0,"gold_gain":75.0,"event_name":"World of Goop","player_choice":"Gather Gold","floor":2.0,"gold_loss":0.0,"damage_taken":11.0},{"damage_healed":0.0,"max_hp_gain":0.0,"max_hp_loss":0.0,"gold_gain":0.0,"event_name":"Scrap Ooze","player_choice":"Success","floor":4.0,"gold_loss":0.0,"damage_taken":18.0,"relics_obtained":["Dream Catcher"]},{"damage_healed":0.0,"max_hp_gain":0.0,"max_hp_loss":6.0,"gold_gain":0.0,"event_name":"Golden Idol","player_choice":"Lose Max HP","floor":5.0,"gold_loss":0.0,"damage_taken":0.0,"relics_obtained":["Golden Idol"]},{"cards_removed":["Defend_G"],"damage_healed":0,"gold_gain":0,"player_choice":"Elegance","damage_taken":0,"max_hp_gain":0,"max_hp_loss":0,"event_name":"Back to Basics","floor":19,"gold_loss":0},{"damage_healed":0,"gold_gain":0,"player_choice":"Ignored","damage_taken":0,"max_hp_gain":0,"max_hp_loss":0,"event_name":"The Mausoleum","floor":27,"gold_loss":0},{"cards_removed":["Defend_G"],"damage_healed":0,"gold_gain":0,"player_choice":"Removed Skill","damage_taken":0,"max_hp_gain":0,"max_hp_loss":0,"event_name":"Falling","floor":42,"gold_loss":0},{"damage_healed":0,"gold_gain":0,"player_choice":"Max HP","damage_taken":0,"max_hp_gain":0,"max_hp_loss":4,"event_name":"Winding Halls","floor":44,"gold_loss":0},{"damage_healed":0,"gold_gain":0,"player_choice":"Ignored","damage_taken":0,"max_hp_gain":0,"max_hp_loss":0,"event_name":"Tomb of Lord Red Mask","floor":46,"gold_loss":0}],"is_beta":false,"boss_relics":[{"not_picked":["Coffee Dripper","Ectoplasm"],"picked":"Snecko Eye"},{"not_picked":["Runic Pyramid","Astrolabe"],"picked":"WristBlade"}],"items_purged_floors":[3,22,37],"is_endless":false,"potions_floor_spawned":[1,7,18,21,30,36,38,39,41],"killed_by":"Awakened One","ascension_level":20}