{"gold_per_floor":[119,119,44,119,134,160,10,44,44,44,69,80,98,116,116,217,217,237,177,191,203,63,97,115,131,131,142,17,52,64,96,108,215,227,255,284,346,375,401,413,450,462,474,512,536,563,607,619,631,643],"floor_reached":50,"playtime":3221,"items_purged":["Strike_G","Strike_G","Strike_G"],"score":800,"play_id":"c195138c-c000-4191-90c4-dc57222a1784","local_time":"20230429195024","is_ascension_mode":true,"campfire_choices":[{"data":"Predator","floor":10.0,"key":"SMITH"},{"data":"Noxious Fumes","floor":15,"key":"SMITH"},{"data":"After Image","floor":30,"key":"SMITH"},{"data":"Blade Dance","floor":32,"key":"SMITH"},{"data":"Doppelganger","floor":40,"key":"SMITH"},{"data":"1","floor":42,"key":"LIFT"},{"data":"2","floor":49,"key":"LIFT"}],"neow_cost":"NONE","seed_source_timestamp":0,"circlet_count":0,"master_deck":["Strike_G","Defend_G","Defend_G","Defend_G","Defend_G","Survivor","Neutralize","PiercingWail","Terror","Escape Plan","Predator+1","Prepared","Noxious Fumes+1","Deadly Poison","Blade Dance+1","Deadly Poison","Doppelganger+1","Accuracy+1","Footwork+1","Infinite Blades","Noxious Fumes+1","Bane+1","Acrobatics","After Image+1","Glass Knife","Catalyst+1","Blade Dance+1","Backflip+1","Concentrate"],"special_seed":0,"relics":["Ring of the Snake","NeowsBlessing","Pantograph","Medical Kit","Unceasing Top","Eternal Feather","Meat on the Bone","Runic Pyramid","Tough Bandages","Paper Crane","MawBank","Philosopher\u0027s Stone","Girya","Art of War","Ginger","Ninja Scroll","Pear"],"potions_floor_usage":[16,20,24,27,33,37,39,47,50],"damage_taken":[{"damage":0.0,"enemies":"2 Louse","floor":1.0,"turns":1.0},{"damage":0.0,"enemies":"Small Slimes","floor":5.0,"turns":1.0},{"damage":0.0,"enemies":"3 Sentries","floor":6.0,"turns":2.0},{"damage":22.0,"enemies":"Lagavulin","floor":8.0,"turns":6.0},{"damage":7.0,"enemies":"3 Sentries","floor":11.0,"turns":8.0},{"damage":0.0,"enemies":"Cultist","floor":12.0,"turns":4.0},{"damage":0.0,"enemies":"Large Slime","floor":13.0,"turns":5.0},{"damage":20,"enemies":"Gremlin Gang","floor":14,"turns":4},{"damage":36,"enemies":"The Guardian","floor":16,"turns":10},{"damage":19,"enemies":"3 Byrds","floor":18,"turns":4},{"damage":19,"enemies":"2 Thieves","floor":20,"turns":4},{"damage":20,"enemies":"3 Cultists","floor":21,"turns":5},{"damage":14,"enemies":"Gremlin Leader","floor":23,"turns":6},{"damage":13,"enemies":"Centurion and Healer","floor":24,"turns":5},{"damage":10,"enemies":"Snake Plant","floor":25,"turns":5},{"damage":8,"enemies":"Shelled Parasite and Fungi","floor":27,"turns":5},{"damage":30,"enemies":"Book of Stabbing","floor":29,"turns":7},{"damage":5,"enemies":"3 Cultists","floor":31,"turns":7},{"damage":16,"enemies":"Champ","floor":33,"turns":12},{"damage":1,"enemies":"Orb Walker","floor":35,"turns":4},{"damage":0,"enemies":"3 Shapes","floor":36,"turns":5},{"damage":6,"enemies":"Mind Bloom Boss Battle","floor":37,"turns":6},{"damage":21,"enemies":"Transient","floor":38,"turns":5},{"damage":17,"enemies":"Spire Growth","floor":39,"turns":4},{"damage":82,"enemies":"Reptomancer","floor":41,"turns":6},{"damage":0,"enemies":"Giant Head","floor":44,"turns":6},{"damage":0,"enemies":"Maw","floor":45,"turns":5},{"damage":0,"enemies":"Transient","floor":46,"turns":5},{"damage":4,"enemies":"Nemesis","floor":47,"turns":5},{"damage":81,"enemies":"Awakened One","floor":50,"turns":11}],"seed_played":"-1718629158960064073","potions_obtained":[{"floor":1.0,"key":"FairyPotion"},{"floor":8.0,"key":"CunningPotion"},{"floor":14,"key":"Block Potion"},{"floor":16,"key":"FairyPotion"},{"floor":18,"key":"Weak Potion"},{"floor":21,"key":"Dexterity Potion"},{"floor":24,"key":"AttackPotion"},{"floor":29,"key":"Block Potion"},{"floor":36,"key":"EssenceOfSteel"},{"floor":38,"key":"FearPotion"},{"floor":41,"key":"ColorlessPotion"},{"floor":44,"key":"SkillPotion"}],"is_trial":false,"path_per_floor":["M","?","$","?","M","E","$","E","T","R","E","M","M","M","R","B",null,"M","?","M","M","$","E","M","M","T","M","$","E","R","M","R","B",null,"M","M","?","M","M","R","E","R","T","E","M","M","E","?","R","B"],"character_chosen":"THE_SILENT","basemod:card_modifiers":[null,null,null,null,null,null,null,null,null,null,null,null,null,null,null,null,null,null,null,null,null,null,null,null,null,null,null,null,null],"items_purchased":["Medical Kit","Infinite Blades"],"campfire_rested":0,"item_purchase_floors":[7,22],"current_hp_per_floor":[70,70,70,63,63,63,63,41,41,50,43,43,43,35,44,45,70,51,51,44,36,36,34,33,35,35,39,39,21,33,40,52,54,70,69,69,64,43,38,53,33,48,48,48,48,48,54,54,69,0],"gold":643,"neow_bonus":"THREE_ENEMY_KILL","is_prod":false,"is_daily":false,"chose_seed":false,"campfire_upgraded":5,"win_rate":0,"timestamp":1682812224,"path_taken":["M","?","$","?","?","E","$","E","T","R","E","M","M","M","R","BOSS","M","?","M","M","$","E","M","M","T","?","$","E","R","M","R","BOSS","M","M","?","M","M","R","E","R","T","E","M","M","E","?","R","BOSS"],"build_version":"2022-12-18","purchased_purges":3,"victory":false,"max_hp_per_floor":[70,70,70,70,70,70,70,70,70,70,70,70,70,70,70,70,70,70,70,70,70,70,70,70,70,70,70,70,70,70,70,70,70,70,70,70,70,70,70,70,70,70,70,70,70,70,80,80,80,80],"card_choices":[{"not_picked":["Cloak And Dagger","Backflip"],"picked":"PiercingWail","floor":1.0},{"not_picked":["Dagger Throw","Outmaneuver"],"picked":"Escape Plan","floor":5.0},{"not_picked":["Slice","Grand Finale"],"picked":"Predator","floor":6.0},{"not_picked":["Setup","Terror"],"picked":"Prepared","floor":8.0},{"not_picked":["All Out Attack","Endless Agony"],"picked":"Noxious Fumes","floor":11.0},{"not_picked":["Dagger Spray","Dash"],"picked":"Deadly Poison","floor":12.0},{"not_picked":["Reflex","Deflect"],"picked":"Blade Dance","floor":13.0},{"not_picked":["Dagger Spray","Catalyst"],"picked":"Deadly Poison","floor":14},{"not_picked":["Envenom","Storm of Steel"],"picked":"Doppelganger","floor":16},{"not_picked":["Endless Agony","Slice"],"picked":"Accuracy+1","floor":18},{"not_picked":["Finisher","Prepared"],"picked":"Footwork+1","floor":20},{"not_picked":["Outmaneuver+1","Acrobatics+1","Dash"],"picked":"SKIP","floor":21},{"not_picked":["Riddle With Holes","Dodge and Roll","Flechettes"],"picked":"SKIP","floor":23},{"not_picked":["Expertise+1","Masterful Stab+1"],"picked":"Noxious Fumes+1","floor":24},{"not_picked":["Dodge and Roll","Slice"],"picked":"Bane+1","floor":25},{"not_picked":["Bane","Expertise"],"picked":"Acrobatics","floor":27},{"not_picked":["Dagger Spray","Poisoned Stab"],"picked":"After Image","floor":29},{"not_picked":["Reflex","Escape Plan","Outmaneuver"],"picked":"SKIP","floor":31},{"not_picked":["Reflex","Escape Plan","Outmaneuver"],"picked":"SKIP","floor":31},{"not_picked":["Venomology","Unload"],"picked":"Glass Knife","floor":33},{"not_picked":["Dash","PiercingWail+1"],"picked":"Catalyst","floor":35},{"not_picked":["Prepared","Sucker Punch","Deflect"],"picked":"SKIP","floor":36},{"not_picked":["Wraith Form v2","Dagger Spray+1"],"picked":"Blade Dance+1","floor":38},{"not_picked":["Deflect","Deadly Poison","Acrobatics"],"picked":"SKIP","floor":39},{"not_picked":["Slice","Outmaneuver"],"picked":"Backflip+1","floor":41},{"not_picked":["Dagger Spray+1","Prepared+1"],"picked":"Concentrate","floor":44},{"not_picked":["Prepared","Phantasmal Killer","Escape Plan"],"picked":"SKIP","floor":45},{"not_picked":["Quick Slash+1","Caltrops","Outmaneuver+1"],"picked":"SKIP","floor":46},{"not_picked":["Infinite Blades+1","Finisher","Quick Slash+1"],"picked":"SKIP","floor":47}],"player_experience":1436108,"relics_obtained":[{"floor":6.0,"key":"Pantograph"},{"floor":8.0,"key":"Unceasing Top"},{"floor":9.0,"key":"Eternal Feather"},{"floor":11.0,"key":"Meat on the Bone"},{"floor":23,"key":"Tough Bandages"},{"floor":26,"key":"Paper Crane"},{"floor":29,"key":"MawBank"},{"floor":37,"key":"Girya"},{"floor":41,"key":"Art of War"},{"floor":43,"key":"Ginger"},{"floor":44,"key":"Ninja Scroll"},{"floor":47,"key":"Pear"}],"event_choices":[{"damage_healed":0.0,"max_hp_gain":0.0,"max_hp_loss":0.0,"gold_gain":0.0,"cards_transformed":["Defend_G"],"event_name":"Living Wall","player_choice":"Change","floor":2.0,"gold_loss":0.0,"damage_taken":0.0,"cards_obtained":["Terror"]},{"damage_healed":0.0,"max_hp_gain":0.0,"max_hp_loss":0.0,"gold_gain":75.0,"event_name":"FaceTrader","player_choice":"Touch","floor":4.0,"gold_loss":0.0,"damage_taken":7.0},{"cards_removed":["Strike_G"],"damage_healed":0,"gold_gain":0,"player_choice":"Single Remove","damage_taken":0,"max_hp_gain":0,"max_hp_loss":0,"event_name":"Designer","floor":19,"gold_loss":60},{"damage_healed":0,"gold_gain":0,"player_choice":"Fight","damage_taken":0,"max_hp_gain":0,"max_hp_loss":0,"event_name":"MindBloom","floor":37,"gold_loss":0},{"damage_healed":0,"gold_gain":0,"player_choice":"Upgraded","damage_taken":0,"max_hp_gain":0,"max_hp_loss":0,"event_name":"Upgrade Shrine","floor":48,"gold_loss":0,"cards_upgraded":["Catalyst"]}],"is_beta":false,"boss_relics":[{"not_picked":["Astrolabe","Busted Crown"],"picked":"Runic Pyramid"},{"not_picked":["Velvet Choker","Sozu"],"picked":"Philosopher\u0027s Stone"}],"items_purged_floors":[3,22,28],"is_endless":false,"potions_floor_spawned":[1,8,14,16,18,21,24,29,31,36,38,41,44],"killed_by":"Awakened One","ascension_level":4}