{"neow_bonuses_skipped_log":["TEN_PERCENT_HP_BONUS"],"potions_obtained_entropic_brew":[[],[],[],[],[],[],[],[],[],[],[],[],[],[],[],[],[],[],[],[],[],[],[],[],[],[],[],[],[],[],[],[],[],[],[],[],[],[],[],[],[],[],[],[],[],[],[],[],[],[],[],[],[],[],[],[]],"neow_costs_skipped_log":["NONE"],"gold_per_floor":[110,110,110,128,2,41,41,6,6,6,22,36,50,81,81,207,207,227,227,31,45,45,45,71,84,153,163,198,198,211,223,223,318,318,329,341,63,63,63,90,102,102,102,102,21,37,65,83,83,83,83,83,33,68,68],"floor_reached":56,"playtime":3721,"items_purged":["Strike_G","Defend_G","Defend_G"],"score":1778,"play_id":"05739c4c-7870-4d49-934f-06dd07b3755c","local_time":"20230614150210","score_breakdown":["Floors Climbed (56): 280","Enemies Slain (16): 32","Exordium Elites Killed (2): 20","City Elites Killed (2): 40","Beyond Elites Killed (2): 60","Bosses Slain (4): 500","Champion (3): 75","Perfect (2): 100","Overkill: 25","Ascension (7): 396","Heartbreaker: 250"],"is_ascension_mode":true,"potions_obtained_alchemize":[[],[],[],[],[],[],[],[],[],[],[],[],[],[],[],[],[],[],[],[],[],[],[],[],[],[],[],[],[],[],[],[],[],[],[],[],[],[],[],[],[],[],[],[],[],[],[],[],[],[],[],[],[],[],[],[]],"campfire_choices":[{"data":"Cloak And Dagger","floor":7.0,"key":"SMITH"},{"data":"Cloak And Dagger","floor":10.0,"key":"SMITH"},{"data":"Blade Dance","floor":15.0,"key":"SMITH"},{"data":"Wraith Form v2","floor":23.0,"key":"SMITH"},{"data":"Cloak And Dagger","floor":29.0,"key":"SMITH"},{"data":"Neutralize","floor":32.0,"key":"SMITH"},{"data":"RitualDagger","floor":42.0,"key":"SMITH"},{"floor":49.0,"key":"RECALL"},{"data":"Accuracy","floor":52.0,"key":"SMITH"}],"lesson_learned_per_floor":[[],[],[],[],[],[],[],[],[],[],[],[],[],[],[],[],[],[],[],[],[],[],[],[],[],[],[],[],[],[],[],[],[],[],[],[],[],[],[],[],[],[],[],[],[],[],[],[],[],[],[],[],[],[],[],[]],"neow_cost":"NONE","improvable_cards":{"RitualDagger+1":[62]},"seed_source_timestamp":1474705635336200,"shop_contents":[{"floor":5,"relics":["Toy Ornithopter","Anchor","PrismaticShard"],"cards":["Flying Knee","Die Die Die","Acrobatics","Noxious Fumes","Mind Blast","Secret Technique"],"potions":["EssenceOfSteel","EssenceOfSteel","Fire Potion"]},{"floor":20,"relics":["Ice Cream","Letter Opener","Sling"],"cards":["Bane","All Out Attack","Concentrate","Caltrops","Madness","Transmutation"],"potions":["Explosive Potion","SpeedPotion"]},{"floor":37,"relics":["Toxic Egg 2","Mercury Hourglass"],"cards":["Skewer","Sucker Punch","Leg Sweep","Backflip","Well Laid Plans","Forethought","The Bomb"],"potions":["DistilledChaos","SteroidPotion","Ancient Potion"]},{"floor":45,"relics":["Vajra","Sundial","Chemical X"],"cards":["Underhanded Strike","Poisoned Stab","Burst","Acrobatics","Purity","Secret Technique"],"potions":["SneckoOil","Explosive Potion","Swift Potion"]},{"floor":53,"relics":["White Beast Statue","Boot","Frozen Eye"],"cards":["Endless Agony","Choke","Deadly Poison","Deflect","Footwork","Mind Blast","Metamorphosis"],"potions":["Poison Potion","ColorlessPotion"]}],"circlet_count":0,"master_deck":["Strike_G","Strike_G","Defend_G","Defend_G","Defend_G","Survivor","Neutralize+1","Sucker Punch","Blade Dance+1","Cloak And Dagger+1","Cloak And Dagger+1","Wraith Form v2+1","RitualDagger+1","PiercingWail","Escape Plan+1","Cloak And Dagger+1","Backflip+1","Concentrate+1","Acrobatics","Footwork+1","After Image","Footwork","PanicButton","Flash of Steel","Choke+1","Accuracy+1","Deflect+1","PiercingWail+1","Deflect+1","Calculated Gamble+1"],"special_seed":0,"potion_use_per_floor":[[],[],[],[],[],[],[],[],[],[],[],[],[],["DuplicationPotion","Explosive Potion"],[],["SkillPotion"],[],[],[],[],[],[],[],["Block Potion"],[],[],[],["Poison Potion"],[],[],[],[],[],[],[],[],[],[],[],[],["SteroidPotion"],[],[],[],[],[],[],[],[],["SpeedPotion","SpeedPotion","SteroidPotion"],[],[],[],[],["SteroidPotion"],[]],"relics":["Ring of the Snake","NeowsBlessing","Eternal Feather","Bloody Idol","Gambling Chip","Shuriken","Orichalcum","Empty Cage","Ancient Tea Set","Matryoshka","Runic Pyramid","OrangePellets","Centennial Puzzle","Pen Nib","Gremlin Horn","Question Card","Turnip"],"potions_floor_usage":[55],"damage_taken":[{"damage":0.0,"enemies":"Small Slimes","floor":1.0,"turns":1.0},{"damage":0.0,"enemies":"2 Louse","floor":4.0,"turns":1.0},{"damage":0.0,"enemies":"Gremlin Nob","floor":6.0,"turns":1.0},{"damage":0.0,"enemies":"Jaw Worm","floor":11.0,"turns":2.0},{"damage":0.0,"enemies":"Blue Slaver","floor":12.0,"turns":3.0},{"damage":0.0,"enemies":"Exordium Thugs","floor":13.0,"turns":4.0},{"damage":0.0,"enemies":"3 Sentries","floor":14.0,"turns":3.0},{"damage":0.0,"enemies":"Hexaghost","floor":16.0,"turns":7.0},{"damage":0.0,"enemies":"Chosen","floor":18.0,"turns":3.0},{"damage":0.0,"enemies":"3 Byrds","floor":21.0,"turns":4.0},{"damage":2.0,"enemies":"Gremlin Leader","floor":24.0,"turns":8.0},{"damage":0.0,"enemies":"Snake Plant","floor":25.0,"turns":6.0},{"damage":18.0,"enemies":"Shelled Parasite and Fungi","floor":27.0,"turns":7.0},{"damage":15.0,"enemies":"Slavers","floor":28.0,"turns":8.0},{"damage":9.0,"enemies":"Centurion and Healer","floor":30.0,"turns":5.0},{"damage":3.0,"enemies":"Cultist and Chosen","floor":31.0,"turns":4.0},{"damage":0.0,"enemies":"Champ","floor":33.0,"turns":11.0},{"damage":12.0,"enemies":"3 Shapes","floor":35.0,"turns":4.0},{"damage":8.0,"enemies":"3 Darklings","floor":36.0,"turns":6.0},{"damage":11.0,"enemies":"Reptomancer","floor":40.0,"turns":10.0},{"damage":22.0,"enemies":"Writhing Mass","floor":41.0,"turns":8.0},{"damage":0.0,"enemies":"Sphere and 2 Shapes","floor":46.0,"turns":3.0},{"damage":0.0,"enemies":"Giant Head","floor":47.0,"turns":8.0},{"damage":3.0,"enemies":"4 Shapes","floor":48.0,"turns":4.0},{"damage":7.0,"enemies":"Time Eater","floor":50.0,"turns":10.0},{"damage":17.0,"enemies":"Shield and Spear","floor":54.0,"turns":7.0},{"damage":16,"enemies":"The Heart","floor":55,"turns":9}],"green_key_taken_log":40,"seed_played":"8088021306345449356","neow_bonus_log":{"cardsObtained":[],"cardsUpgraded":[],"cardsRemoved":[],"cardsTransformed":[],"relicsObtained":["NeowsBlessing"],"maxHpGained":0,"goldGained":0,"damageTaken":0,"goldLost":0,"maxHpLost":0},"potions_obtained":[{"floor":4.0,"key":"Explosive Potion"},{"floor":11.0,"key":"DuplicationPotion"},{"floor":13.0,"key":"SkillPotion"},{"floor":24.0,"key":"Poison Potion"},{"floor":30.0,"key":"SteroidPotion"},{"floor":35.0,"key":"SpeedPotion"},{"floor":46.0,"key":"SpeedPotion"},{"floor":47.0,"key":"SteroidPotion"}],"is_trial":false,"path_per_floor":["M","?","?","M","$","E","R","?","T","R","M","M","M","E","R","B",null,"M","?","$","M","?","R","E","M","T","M","E","R","M","M","R","B",null,"M","M","$","?","?","E","M","R","T","?","$","M","E","M","R","B",null,"R","$","E","B",null],"character_chosen":"THE_SILENT","basemod:card_modifiers":[null,null,null,null,null,null,null,null,null,null,null,null,null,null,null,null,null,null,null,null,null,null,null,null,null,null,null,null,null,null],"items_purchased":["Cloak And Dagger","PiercingWail","Block Potion","OrangePellets","Accuracy","SteroidPotion"],"campfire_rested":0,"item_purchase_floors":[5,20,20,37,45,53],"current_hp_per_floor":[63,60,43,43,43,43,52,69,69,70,70,70,70,70,70,70,70,70,64,64,64,64,70,70,70,70,57,47,59,55,57,69,70,70,63,60,60,55,55,49,32,47,47,47,47,52,57,59,70,63,68,70,70,58,42],"gold":68,"neow_bonus":"THREE_ENEMY_KILL","is_prod":false,"is_daily":false,"rewards_skipped":[],"chose_seed":false,"campfire_upgraded":8,"win_rate":0,"floor_exit_playtime":[21,24,30,45,58,67,74,80,83,91,132,174,255,340,347,452,467,515,521,550,617,624,637,761,858,864,997,1136,1143,1236,1303,1312,1494,1504,1589,1761,1776,1796,1799,2022,2298,2338,2342,2347,2354,2450,2707,2886,2890,3150,3161,3169,3177,3382,3721],"timestamp":1686769330,"blue_key_relic_skipped_log":{"floor":26,"relicID":"Bottled Tornado"},"path_taken":["M","?","?","M","$","E","R","?","T","R","M","M","M","E","R","BOSS","M","?","$","M","?","R","E","M","T","M","E","R","M","M","R","BOSS","M","M","$","?","?","E","?","R","T","?","?","M","E","M","R","BOSS","R","$","E","BOSS"],"build_version":"2022-12-18","purchased_purges":3,"victory":true,"max_hp_per_floor":[70,70,70,70,70,70,70,70,70,70,70,70,70,70,70,70,70,70,70,70,70,70,70,70,70,70,70,70,70,70,70,70,70,70,70,70,70,70,70,70,70,70,70,70,70,70,70,70,70,70,70,70,70,70,70],"card_choices":[{"not_picked":["Underhanded Strike","Slice"],"picked":"Sucker Punch","floor":1.0},{"not_picked":["Deadly Poison","Backflip"],"picked":"Blade Dance","floor":4.0},{"not_picked":["Heel Hook","Tactician"],"picked":"Cloak And Dagger","floor":6.0},{"not_picked":["Sucker Punch","Flying Knee","Quick Slash"],"picked":"SKIP","floor":11.0},{"not_picked":["Bouncing Flask","Flying Knee","Sucker Punch"],"picked":"SKIP","floor":12.0},{"not_picked":["Dodge and Roll","Riddle With Holes","Bullet Time"],"picked":"SKIP","floor":13.0},{"not_picked":["Dagger Spray","Caltrops","Setup"],"picked":"SKIP","floor":14.0},{"not_picked":["Grand Finale","Tools of the Trade"],"picked":"Wraith Form v2","floor":16.0},{"not_picked":["Concentrate","Bane","Noxious Fumes+1"],"picked":"SKIP","floor":18.0},{"not_picked":["Expertise+1","PiercingWail"],"picked":"Escape Plan+1","floor":21.0},{"not_picked":["Dagger Spray+1","Skewer+1"],"picked":"Cloak And Dagger","floor":24.0},{"not_picked":["Catalyst+1","Slice"],"picked":"Backflip+1","floor":25.0},{"not_picked":["Die Die Die","Bane"],"picked":"Concentrate+1","floor":27.0},{"not_picked":["Dodge and Roll","A Thousand Cuts"],"picked":"Acrobatics","floor":28.0},{"not_picked":["Cloak And Dagger","Dagger Throw","Poisoned Stab+1"],"picked":"SKIP","floor":30.0},{"not_picked":["Finisher","Distraction"],"picked":"Footwork+1","floor":31.0},{"not_picked":["Phantasmal Killer","Adrenaline"],"picked":"After Image","floor":33.0},{"not_picked":["Dagger Spray","Cloak And Dagger","Bane"],"picked":"SKIP","floor":35.0},{"not_picked":["PiercingWail+1","Dash"],"picked":"Footwork","floor":36.0},{"not_picked":["Bandage Up","Deep Breath"],"picked":"PanicButton","floor":38.0},{"not_picked":["Violence","Purity"],"picked":"Flash of Steel","floor":38.0},{"not_picked":["Quick Slash","PiercingWail+1","Venomology"],"picked":"SKIP","floor":40.0},{"not_picked":["Acrobatics+1","Deadly Poison"],"picked":"Choke+1","floor":41.0},{"not_picked":["Dagger Spray+1","Backstab+1"],"picked":"Deflect+1","floor":46.0},{"not_picked":["Endless Agony+1","Dagger Throw"],"picked":"PiercingWail+1","floor":47.0},{"not_picked":["Flying Knee","PiercingWail+1","Well Laid Plans+1"],"picked":"Deflect+1","floor":48.0},{"not_picked":["Poisoned Stab+1","Riddle With Holes+1","Dagger Spray"],"picked":"Calculated Gamble+1","floor":54.0}],"player_experience":1459064,"relics_obtained":[{"floor":6.0,"key":"Gambling Chip"},{"floor":9.0,"key":"Shuriken"},{"floor":14.0,"key":"Orichalcum"},{"floor":24.0,"key":"Ancient Tea Set"},{"floor":28.0,"key":"Matryoshka"},{"floor":40.0,"key":"Centennial Puzzle"},{"floor":43.0,"key":"Pen Nib"},{"floor":43.0,"key":"Gremlin Horn"},{"floor":47.0,"key":"Question Card"},{"floor":54.0,"key":"Turnip"}],"event_choices":[{"damage_healed":0.0,"max_hp_gain":0.0,"max_hp_loss":0.0,"gold_gain":0.0,"event_name":"Scrap Ooze","player_choice":"Success","floor":2.0,"gold_loss":0.0,"damage_taken":3.0,"relics_obtained":["Eternal Feather"]},{"damage_healed":0.0,"max_hp_gain":0.0,"max_hp_loss":0.0,"gold_gain":0.0,"event_name":"Golden Idol","player_choice":"Take Damage","floor":3.0,"gold_loss":0.0,"damage_taken":17.0,"relics_obtained":["Golden Idol"]},{"damage_healed":17.0,"max_hp_gain":0.0,"max_hp_loss":0.0,"gold_gain":0.0,"event_name":"The Cleric","player_choice":"Healed","floor":8.0,"gold_loss":35.0,"damage_taken":0.0},{"damage_healed":0.0,"max_hp_gain":0.0,"max_hp_loss":0.0,"gold_gain":0.0,"event_name":"Nest","player_choice":"Joined the Cult","floor":19.0,"gold_loss":0.0,"damage_taken":6.0,"cards_obtained":["RitualDagger"]},{"damage_healed":0.0,"max_hp_gain":0.0,"max_hp_loss":0.0,"gold_gain":0.0,"event_name":"Forgotten Altar","player_choice":"Gave Idol","floor":22.0,"relics_lost":["Golden Idol"],"gold_loss":0.0,"damage_taken":0.0,"relics_obtained":["Bloody Idol"]},{"damage_healed":0.0,"max_hp_gain":0.0,"max_hp_loss":0.0,"gold_gain":0.0,"event_name":"SensoryStone","player_choice":"Memory 2","floor":38.0,"gold_loss":0.0,"damage_taken":5.0},{"damage_healed":0.0,"max_hp_gain":0.0,"max_hp_loss":0.0,"gold_gain":0.0,"event_name":"Tomb of Lord Red Mask","player_choice":"Ignored","floor":39.0,"gold_loss":0.0,"damage_taken":0.0},{"damage_healed":0.0,"max_hp_gain":0.0,"max_hp_loss":0.0,"gold_gain":0.0,"event_name":"SecretPortal","player_choice":"Ignored","floor":44.0,"gold_loss":0.0,"damage_taken":0.0}],"is_beta":false,"boss_relics":[{"not_picked":["SlaversCollar","HoveringKite"],"picked":"Empty Cage"},{"not_picked":["SacredBark","Busted Crown"],"picked":"Runic Pyramid"}],"items_purged_floors":[5,20,37],"is_endless":false,"potions_floor_spawned":[4,11,13,24,30,35,46,47],"ascension_level":7,"potion_discard_per_floor":[[],[],[],[],[],[],[],[],[],[],[],[],[],[],[],[],[],[],[],[],[],[],[],[],[],[],[],[],[],[],[],[],[],[],[],[],[],[],[],[],[],[],[],[],[],[],[],[],[],[],[],[],[],[],[],[]]}