{"neow_bonuses_skipped_log":["UPGRADE_CARD","TWO_FIFTY_GOLD","BOSS_RELIC"],"potions_obtained_entropic_brew":[[],[],[],[],[],[],[],[]],"neow_costs_skipped_log":["NONE","CURSE","NONE"],"gold_per_floor":[111,111,14,33,33,60,77,77],"floor_reached":8,"playtime":388,"items_purged":["Strike_G"],"score":76,"play_id":"b3b8f8a5-acd8-448b-a0c6-965aba93fe2b","local_time":"20230614134512","score_breakdown":["Floors Climbed (8): 40","Enemies Slain (3): 6","Exordium Elites Killed (1): 10","Bosses Slain (0): 0","Ascension (7): 20"],"is_ascension_mode":true,"potions_obtained_alchemize":[[],[],[],[],[],[],[],[]],"campfire_choices":[],"lesson_learned_per_floor":[[],[],[],[],[],[],[],[]],"neow_cost":"NONE","improvable_cards":{},"seed_source_timestamp":1473915930322200,"shop_contents":[{"floor":3,"relics":["Shovel","Dream Catcher","PrismaticShard"],"cards":["Underhanded Strike","Dagger Throw","Prepared","Noxious Fumes","Bandage Up","Chrysalis"],"potions":["Ancient Potion","CultistPotion","Strength Potion"]}],"circlet_count":0,"master_deck":["Strike_G","Strike_G","Strike_G","Strike_G","Defend_G","Defend_G","Defend_G","Defend_G","Defend_G","Survivor","Neutralize","Noxious Fumes","Outmaneuver","Calculated Gamble","Backflip","Dagger Throw"],"potion_use_per_floor":[[],[],[],[],[],["Swift Potion","GamblersBrew","Swift Potion","Fire Potion"],[],[]],"relics":["Ring of the Snake","Centennial Puzzle","Potion Belt","Calipers"],"potions_floor_usage":[6,6,6,6],"damage_taken":[{"damage":6,"enemies":"Jaw Worm","floor":1,"turns":4},{"damage":2,"enemies":"Small Slimes","floor":4,"turns":5},{"damage":17,"enemies":"Lagavulin","floor":6,"turns":8},{"damage":0,"enemies":"Cultist","floor":7,"turns":5},{"damage":9,"enemies":"Lots of Slimes","floor":8,"turns":3}],"seed_played":"7144175540350134123","neow_bonus_log":{"cardsObtained":[],"cardsUpgraded":[],"cardsRemoved":[],"cardsTransformed":[],"relicsObtained":["Centennial Puzzle"],"maxHpGained":0,"goldGained":0,"damageTaken":0,"goldLost":0,"maxHpLost":0},"potions_obtained":[{"floor":4,"key":"Swift Potion"},{"floor":5,"key":"Swift Potion"},{"floor":5,"key":"Fire Potion"},{"floor":5,"key":"GamblersBrew"}],"is_trial":false,"path_per_floor":["M","?","$","M","?","E","M","M"],"character_chosen":"THE_SILENT","basemod:card_modifiers":[null,null,null,null,null,null,null,null,null,null,null,null,null,null,null,null],"items_purchased":["Outmaneuver"],"campfire_rested":0,"item_purchase_floors":[3],"current_hp_per_floor":[57,39,39,37,37,20,20,11],"gold":77,"neow_bonus":"RANDOM_COMMON_RELIC","is_prod":false,"is_daily":false,"rewards_skipped":[],"chose_seed":false,"campfire_upgraded":0,"win_rate":0,"floor_exit_playtime":[50,54,82,140,144,269,336],"timestamp":1686764712,"path_taken":["M","?","$","M","?","E","M","?"],"build_version":"2022-12-18","purchased_purges":1,"victory":false,"max_hp_per_floor":[70,70,70,70,70,70,70,70],"card_choices":[{"not_picked":["PiercingWail","Dagger Throw"],"picked":"Noxious Fumes","floor":1},{"not_picked":["Prepared","Deadly Poison"],"picked":"Calculated Gamble","floor":4},{"not_picked":["Flying Knee","Tactician"],"picked":"Backflip","floor":6},{"not_picked":["Prepared","Reflex"],"picked":"Dagger Throw","floor":7}],"player_experience":1458340,"relics_obtained":[{"floor":6,"key":"Calipers"}],"event_choices":[{"damage_healed":0,"gold_gain":0,"player_choice":"Success","damage_taken":18,"relics_obtained":["Potion Belt"],"max_hp_gain":0,"max_hp_loss":0,"event_name":"Scrap Ooze","floor":2,"gold_loss":0},{"damage_healed":0,"gold_gain":0,"player_choice":"Got Potions","damage_taken":0,"max_hp_gain":0,"max_hp_loss":0,"event_name":"Lab","floor":5,"gold_loss":0}],"is_beta":false,"boss_relics":[],"items_purged_floors":[3],"is_endless":false,"potions_floor_spawned":[4],"killed_by":"Lots of Slimes","ascension_level":7,"potion_discard_per_floor":[[],[],[],[],[],[],[],[]]}