{"neow_bonuses_skipped_log":["RANDOM_COLORLESS","TWENTY_PERCENT_HP_BONUS","BOSS_RELIC"],"neow_costs_skipped_log":["NONE","CURSE","NONE"],"potions_obtained_entropic_brew":[[],[],[],[],[],[],[],[],[],[],[],[],[],[],[],[],[],[],[],[],[],[],[],[],[],[],[],[],[],[],[],[],[],[],[],[],[],[],[],[],[],[],[],[],[],[],[],[],[],[],[]],"gold_per_floor":[114,124,25,45,62,62,62,90,139,139,166,166,177,177,177,273,273,297,310,310,328,352,352,388,388,459,492,128,128,161,161,161,254,254,273,606,435,449,339,374,374,456,508,134,134,162,182,198,198,198],"floor_reached":51,"playtime":3324,"items_purged":["Strike_G","Strike_G+1","Defend_G+1"],"score":1452,"play_id":"bde876f2-9e69-43ff-9843-14e75de47a9f","local_time":"20230718143259","score_breakdown":["Floors Climbed (51): 255","Enemies Slain (12): 24","Exordium Elites Killed (2): 20","City Elites Killed (3): 60","Beyond Elites Killed (2): 60","Bosses Slain (3): 300","Speedster: 25","Highlander: 100","Money Money (1247): 25","Champion (1): 25","Ascension (15): 558"],"is_ascension_mode":true,"potions_obtained_alchemize":[[],[],[],[],[],[],[],[],[],[],[],[],[],[],[],[],[],[],[],[],[],[],[],[],[],[],[],[],[],[],[],[],[],[],[],[],[],[],[],[],[],[],[],[],[],[],[],[],[],[],[]],"campfire_choices":[{"data":"Cloak And Dagger","floor":6.0,"key":"SMITH"},{"data":"Catalyst","floor":10.0,"key":"SMITH"},{"data":"Bouncing Flask","floor":12.0,"key":"SMITH"},{"floor":15.0,"key":"REST"},{"data":"Poisoned Stab","floor":23.0,"key":"SMITH"},{"data":"Well Laid Plans","floor":25.0,"key":"SMITH"},{"floor":29.0,"key":"REST"},{"floor":32.0,"key":"REST"},{"data":"Phantasmal Killer","floor":41,"key":"SMITH"},{"data":"Apotheosis","floor":45,"key":"SMITH"},{"floor":49,"key":"RECALL"}],"lesson_learned_per_floor":[[],[],[],[],[],[],[],[],[],[],[],[],[],[],[],[],[],[],[],[],[],[],[],[],[],[],[],[],[],[],[],[],[],[],[],[],[],[],[],[],[],[],[],[],[],[],[],[],[],[],[]],"neow_cost":"NONE","improvable_cards":{},"seed_source_timestamp":0,"shop_contents":[{"floor":3,"relics":["Matryoshka","Calipers","DollysMirror"],"cards":["Choke","Flying Knee","Cloak And Dagger","Caltrops","Madness","The Bomb"],"potions":["Regen Potion","FearPotion","SpeedPotion"]},{"floor":28,"relics":["Blue Candle","Blood Vial"],"cards":["Slice","Skewer","Bouncing Flask","Trip","Secret Technique"],"potions":["SpeedPotion","Regen Potion","FearPotion"]},{"floor":37,"relics":["Mercury Hourglass","Eternal Feather","Strange Spoon"],"cards":["Predator","Poisoned Stab","Cloak And Dagger","Well Laid Plans","Blind","Mayhem"],"potions":["FearPotion","CultistPotion","Swift Potion"]},{"floor":44,"relics":["War Paint","Frozen Egg 2","Toolbox"],"cards":["Endless Agony","Dash","Well Laid Plans","Mind Blast"],"potions":["PowerPotion","Regen Potion","Fire Potion"]}],"circlet_count":0,"master_deck":["AscendersBane","Strike_G+1","Defend_G+1","Defend_G+1","Defend_G+1","Survivor","Neutralize","Poisoned Stab+1","Bouncing Flask+1","Blade Dance+1","Cloak And Dagger+1","Catalyst+1","PiercingWail","Die Die Die+1","Accuracy+1","Backstab","Well Laid Plans+1","Footwork","Calculated Gamble","Phantasmal Killer+1","Glass Knife","Escape Plan+1","Deflect","Backflip","Apotheosis+1","Malaise","Dodge and Roll","Outmaneuver+1","Deadly Poison"],"special_seed":0,"potion_use_per_floor":[[],[],[],[],[],[],[],["AttackPotion"],[],[],["LiquidBronze"],[],[],["Fruit Juice"],[],[],[],[],[],[],[],[],[],[],[],[],["Fire Potion"],[],[],[],[],[],[],[],[],[],[],["SkillPotion"],[],["SkillPotion"],[],[],[],[],[],[],[],[],[],["Swift Potion","Poison Potion"],[]],"relics":["Ring of the Serpent","Lantern","HornCleat","Tiny Chest","Potion Belt","Empty Cage","Boot","Bronze Scales","Sundial","InkBottle","OrangePellets","Vajra","Turnip","Paper Crane","Oddly Smooth Stone","Orichalcum"],"potions_floor_usage":[38,40,50,50],"damage_taken":[{"damage":0.0,"enemies":"Cultist","floor":1.0,"turns":4.0},{"damage":0.0,"enemies":"Looter","floor":2.0,"turns":3.0},{"damage":0.0,"enemies":"JawWorm","floor":4.0,"turns":2.0},{"damage":3.0,"enemies":"Louse","floor":5.0,"turns":3.0},{"damage":20.0,"enemies":"Lagavulin","floor":8.0,"turns":4.0},{"damage":16.0,"enemies":"GremlinNob","floor":11.0,"turns":4.0},{"damage":5.0,"enemies":"Slime","floor":13.0,"turns":5.0},{"damage":20.0,"enemies":"Hexaghost","floor":16.0,"turns":9.0},{"damage":3.0,"enemies":"Shelled Parasite","floor":18.0,"turns":2.0},{"damage":0.0,"enemies":"SphericGuardian","floor":19.0,"turns":2.0},{"damage":0.0,"enemies":"Chosen and Flock","floor":21.0,"turns":4.0},{"damage":26.0,"enemies":"BookOfStabbing","floor":24.0,"turns":7.0},{"damage":0.0,"enemies":"Gremlin Leader Combat","floor":27.0,"turns":3.0},{"damage":30.0,"enemies":"BookOfStabbing","floor":30.0,"turns":5.0},{"damage":7.0,"enemies":"Champ","floor":33.0,"turns":9.0},{"damage":10,"enemies":"Flame Bruiser (One Orb)","floor":35,"turns":4},{"damage":8,"enemies":"Ancient Shapes Weak","floor":38,"turns":2},{"damage":8,"enemies":"GiantHead","floor":40,"turns":7},{"damage":3,"enemies":"Double Orb Walker","floor":46,"turns":5},{"damage":1,"enemies":"Serpent","floor":47,"turns":5},{"damage":12,"enemies":"Ancient Shapes","floor":48,"turns":4},{"damage":8,"enemies":"Donu and Deca","floor":50,"turns":10}],"green_key_taken_log":11,"seed_played":"-5993372802874608739","neow_bonus_log":{"cardsObtained":[],"cardsUpgraded":[],"cardsRemoved":[],"cardsTransformed":[],"relicsObtained":["Lantern"],"maxHpGained":0,"goldGained":0,"damageTaken":0,"goldLost":0,"maxHpLost":0},"potions_obtained":[{"floor":1.0,"key":"LiquidBronze"},{"floor":4.0,"key":"AttackPotion"},{"floor":11.0,"key":"Fruit Juice"},{"floor":19.0,"key":"Fire Potion"},{"floor":33.0,"key":"Poison Potion"},{"floor":35,"key":"SkillPotion"},{"floor":38,"key":"SkillPotion"},{"floor":48,"key":"Swift Potion"}],"is_trial":false,"path_per_floor":["M","M","$","M","M","R","?","E","T","R","E","R","M","?","R","B",null,"M","M","?","M","T","R","E","R","T","E","$","R","E","?","R","B",null,"M","?","$","M","?","E","R","T","T","$","R","E","M","M","R","B",null],"character_chosen":"THE_SILENT","basemod:card_modifiers":[null,null,null,null,null,null,null,null,null,null,null,null,null,null,null,null,null,null,null,null,null,null,null,null,null,null,null,null,null],"items_purchased":["Blade Dance","Footwork","Calculated Gamble","OrangePellets","Deflect","Apotheosis","Malaise","Dodge and Roll"],"campfire_rested":3,"item_purchase_floors":[3,28,28,28,37,44,44,44],"current_hp_per_floor":[59,59,59,59,56,56,56,36,36,36,20,20,15,20,39,19,54,51,51,51,51,51,51,25,25,25,25,25,44,14,14,33,26,55,45,45,45,37,37,29,29,29,29,29,29,26,25,13,13,5],"gold":198,"neow_bonus":"RANDOM_COMMON_RELIC","is_prod":false,"is_daily":false,"rewards_skipped":[{"floor":5,"relics":[],"potions":["Weak Potion"]}],"chose_seed":false,"campfire_upgraded":7,"win_rate":0,"floor_exit_playtime":[63,117,130,178,248,258,272,370,374,384,467,483,591,603,609,760,787,836,883,891,983,988,1007,1165,1173,1178,1251,1283,1290,1409,1417,1422,1676,1700,1811,1822,1882,1981,2000,2270,2284,2288,2293,2319,2333,2721,2861,2983,2991,3319],"timestamp":1689705179,"path_taken":["M","M","$","M","M","R","?","E","T","R","E","R","?","?","R","BOSS","M","M","?","M","?","R","E","R","T","E","$","R","E","?","R","BOSS","M","?","$","M","?","E","R","?","T","$","R","E","M","M","R","BOSS"],"build_version":"2022-12-18","purchased_purges":3,"victory":true,"max_hp_per_floor":[66,66,66,66,66,66,66,66,66,66,66,66,66,65,65,65,65,65,65,65,65,65,65,65,65,65,65,65,65,65,65,65,65,65,65,65,65,65,65,65,65,65,65,65,65,65,65,65,65,65],"card_choices":[{"not_picked":["Deflect","Slice"],"picked":"Poisoned Stab","floor":1.0},{"not_picked":["Dodge and Roll","Bane"],"picked":"Bouncing Flask","floor":2.0},{"not_picked":["Deadly Poison","Flying Knee"],"picked":"Cloak And Dagger","floor":4.0},{"not_picked":["Deadly Poison","Slice","Outmaneuver"],"picked":"SKIP","floor":5.0},{"not_picked":["Deadly Poison","Slice"],"picked":"Catalyst","floor":8.0},{"not_picked":["Phantasmal Killer","Acrobatics"],"picked":"PiercingWail","floor":11.0},{"not_picked":["Bouncing Flask","Dagger Throw","Cloak And Dagger"],"picked":"SKIP","floor":13.0},{"not_picked":["Venomology","Phantasmal Killer"],"picked":"Die Die Die","floor":16.0},{"not_picked":["Quick Slash","Escape Plan"],"picked":"Accuracy+1","floor":18.0},{"not_picked":["Sucker Punch","Dagger Throw"],"picked":"Backstab","floor":19.0},{"not_picked":["Heel Hook","Underhanded Strike+1","Flechettes"],"picked":"SKIP","floor":21.0},{"not_picked":["Concentrate","Die Die Die"],"picked":"Well Laid Plans","floor":24.0},{"not_picked":["Accuracy","Eviscerate","Backstab"],"picked":"SKIP","floor":27.0},{"not_picked":["Terror","Bane"],"picked":"Phantasmal Killer","floor":30.0},{"not_picked":["Doppelganger","Phantasmal Killer"],"picked":"Glass Knife","floor":33.0},{"not_picked":["Bane","Flying Knee"],"picked":"Escape Plan+1","floor":35},{"not_picked":["Finisher","Infinite Blades"],"picked":"Backflip","floor":38},{"not_picked":["Poisoned Stab","Sucker Punch+1","Deflect"],"picked":"SKIP","floor":40},{"not_picked":["Deadly Poison","Quick Slash+1","Backflip+1"],"picked":"SKIP","floor":46},{"not_picked":["Poisoned Stab","Finisher"],"picked":"Outmaneuver+1","floor":47},{"not_picked":["Distraction+1","Heel Hook"],"picked":"Deadly Poison","floor":48}],"player_experience":1578857,"relics_obtained":[{"floor":8.0,"key":"HornCleat"},{"floor":9.0,"key":"Tiny Chest"},{"floor":11.0,"key":"Potion Belt"},{"floor":22.0,"key":"Boot"},{"floor":24.0,"key":"Bronze Scales"},{"floor":26.0,"key":"Sundial"},{"floor":27.0,"key":"InkBottle"},{"floor":30.0,"key":"Vajra"},{"floor":40,"key":"Turnip"},{"floor":42,"key":"Paper Crane"},{"floor":43,"key":"Oddly Smooth Stone"},{"floor":46,"key":"Orichalcum"}],"event_choices":[{"damage_healed":0.0,"max_hp_gain":0.0,"max_hp_loss":0.0,"gold_gain":0.0,"event_name":"Accursed Blacksmith","player_choice":"Forge","floor":7.0,"gold_loss":0.0,"damage_taken":0.0,"cards_upgraded":["Blade Dance"]},{"damage_healed":0.0,"max_hp_gain":0.0,"max_hp_loss":6.0,"gold_gain":0.0,"event_name":"Golden Idol","player_choice":"Lose Max HP","floor":14.0,"gold_loss":0.0,"damage_taken":0.0,"relics_obtained":["Golden Idol"]},{"damage_healed":0.0,"max_hp_gain":0.0,"max_hp_loss":0.0,"gold_gain":0.0,"event_name":"Back to Basics","player_choice":"Simplicity","floor":20.0,"gold_loss":0.0,"damage_taken":0.0,"cards_upgraded":["Strike_G","Strike_G","Defend_G","Defend_G","Defend_G","Defend_G","Defend_G"]},{"damage_healed":0.0,"max_hp_gain":0.0,"max_hp_loss":0.0,"gold_gain":0.0,"event_name":"Ghosts","player_choice":"Ignored","floor":31.0,"gold_loss":0.0,"damage_taken":0.0},{"damage_healed":0,"gold_gain":333,"player_choice":"Gave Idol","damage_taken":0,"max_hp_gain":0,"max_hp_loss":0,"event_name":"The Moai Head","floor":36,"relics_lost":["Golden Idol"],"gold_loss":0},{"cards_removed":["Defend_G"],"damage_healed":0,"gold_gain":0,"player_choice":"Upgrade and Remove","damage_taken":0,"max_hp_gain":0,"max_hp_loss":0,"event_name":"Designer","floor":39,"gold_loss":110,"cards_upgraded":["Die Die Die"]}],"is_beta":false,"boss_relics":[{"not_picked":["Calling Bell","Busted Crown"],"picked":"Empty Cage"},{"not_picked":["Cursed Key","Snecko Eye"],"picked":"Ring of the Serpent"}],"items_purged_floors":[3,28,37],"is_endless":false,"potions_floor_spawned":[1,4,5,11,19,33,35,38,48],"ascension_level":15,"potion_discard_per_floor":[[],[],[],[],[],[],[],[],[],[],[],[],[],[],[],[],[],[],[],[],[],[],[],[],[],[],[],[],[],[],[],[],[],[],[],[],[],[],[],[],[],[],[],[],[],[],[],[],[],[],[]]}