{"gold_per_floor":[119,119,130,130,130,130,150,150,150,150,166,3,43,68,68,189,189,205,52,71,91,114,114,114,114,137,137,158,171,185,224,224,343,343,356,149,149,149,49,49,87,87,87,158,158,33,47,81,81,81,81,81,5,41,41],"floor_reached":55,"playtime":2230,"items_purged":["Chaos","Self Repair+1","Normality"],"score":693,"play_id":"4029de30-f36a-4f4f-a9c3-6ee54e20cb27","local_time":"20221210004838","is_ascension_mode":false,"campfire_choices":[{"data":"Cold Snap","floor":6.0,"key":"SMITH"},{"floor":15.0,"key":"REST"},{"data":"Self Repair","floor":23.0,"key":"SMITH"},{"data":"Self Repair","floor":25.0,"key":"SMITH"},{"data":"Buffer","floor":27.0,"key":"SMITH"},{"data":"Tempest","floor":32.0,"key":"SMITH"},{"data":"Electrodynamics","floor":40.0,"key":"SMITH"},{"data":"Auto Shields","floor":42.0,"key":"SMITH"},{"floor":49.0,"key":"RECALL"},{"data":"Auto Shields","floor":52,"key":"SMITH"}],"neow_cost":"NONE","seed_source_timestamp":284786849553300,"circlet_count":0,"master_deck":["Zap+1","Cold Snap+1","Auto Shields+1","Buffer+1","Auto Shields+1","Electrodynamics+1","Lockon+1","Ball Lightning+1","Hologram","Self Repair+1","Static Discharge","Skim","Beam Cell+1","Doom and Gloom+1","Steam","Flash of Steel","Flash of Steel","Go for the Eyes+1","Shame","Self Repair+1","Reinforced Body+1","Storm"],"special_seed":0,"relics":["Cracked Core","NeowsBlessing","Cables","Golden Idol","Mercury Hourglass","Ice Cream","Pandora\u0027s Box","Anchor","Gremlin Horn","Cursed Key","Whetstone","Prayer Wheel","HornCleat","Darkstone Periapt","FossilizedHelix"],"potions_floor_usage":[50],"damage_taken":[{"damage":0.0,"enemies":"2 Louse","floor":1.0,"turns":1.0},{"damage":0.0,"enemies":"Small Slimes","floor":3.0,"turns":1.0},{"damage":0.0,"enemies":"Jaw Worm","floor":7.0,"turns":1.0},{"damage":3.0,"enemies":"Gremlin Gang","floor":11.0,"turns":3.0},{"damage":16.0,"enemies":"3 Sentries","floor":13.0,"turns":7.0},{"damage":0.0,"enemies":"Looter","floor":14.0,"turns":3.0},{"damage":3.0,"enemies":"Slime Boss","floor":16.0,"turns":10.0},{"damage":10.0,"enemies":"Shell Parasite","floor":18.0,"turns":4.0},{"damage":10.0,"enemies":"Chosen","floor":20.0,"turns":4.0},{"damage":2.0,"enemies":"Centurion and Healer","floor":21.0,"turns":4.0},{"damage":12.0,"enemies":"Snecko","floor":22.0,"turns":4.0},{"damage":5.0,"enemies":"Chosen and Byrds","floor":28.0,"turns":4.0},{"damage":8.0,"enemies":"Shelled Parasite and Fungi","floor":29.0,"turns":6.0},{"damage":10.0,"enemies":"Sentry and Sphere","floor":30.0,"turns":4.0},{"damage":16.0,"enemies":"Gremlin Leader","floor":31.0,"turns":5.0},{"damage":50.0,"enemies":"Champ","floor":33.0,"turns":10.0},{"damage":16.0,"enemies":"3 Shapes","floor":35.0,"turns":2.0},{"damage":10.0,"enemies":"Reptomancer","floor":41.0,"turns":4.0},{"damage":1.0,"enemies":"3 Darklings","floor":47.0,"turns":3.0},{"damage":10.0,"enemies":"Giant Head","floor":48.0,"turns":7.0},{"damage":52,"enemies":"Awakened One","floor":50,"turns":13},{"damage":54,"enemies":"Shield and Spear","floor":54,"turns":7},{"damage":44,"enemies":"The Heart","floor":55,"turns":6}],"seed_played":"-6475951061950384478","potions_obtained":[{"floor":3.0,"key":"LiquidBronze"},{"floor":13.0,"key":"SneckoOil"},{"floor":16.0,"key":"Dexterity Potion"},{"floor":22.0,"key":"FearPotion"},{"floor":28.0,"key":"GamblersBrew"},{"floor":33.0,"key":"ColorlessPotion"},{"floor":35.0,"key":"SteroidPotion"},{"floor":48.0,"key":"Fire Potion"},{"floor":54,"key":"Explosive Potion"}],"is_trial":false,"path_per_floor":["M","?","M","?","?","R","M","?","T","?","M","$","E","M","R","B",null,"M","$","M","M","M","R","?","R","T","R","M","M","M","E","R","B",null,"M","$","?","?","$","R","E","R","T","T","?","$","M","E","R","B",null,"R","$","E","B"],"character_chosen":"DEFECT","items_purchased":["Buffer","Self Repair","Steam","Whetstone","Storm"],"campfire_rested":1,"item_purchase_floors":[12,19,36,36,53],"current_hp_per_floor":[75,72,72,65,47,47,47,32,32,32,29,29,13,13,35,32,75,72,72,75,75,63,63,63,63,63,63,75,75,65,69,69,29,75,75,75,70,70,70,70,70,70,70,70,70,70,75,75,75,43,75,75,75,41,0],"gold":41,"neow_bonus":"THREE_ENEMY_KILL","is_prod":false,"is_daily":false,"chose_seed":false,"campfire_upgraded":8,"win_rate":0,"timestamp":1670651318,"path_taken":["M","?","M","?","?","R","M","?","T","?","M","$","E","M","R","BOSS","M","$","M","M","M","R","?","R","T","R","?","M","M","E","R","BOSS","M","$","?","?","$","R","E","R","T","?","?","$","M","E","R","BOSS","R","$","E","BOSS"],"build_version":"2022-12-01","purchased_purges":3,"victory":false,"max_hp_per_floor":[75,75,75,75,75,75,75,75,75,75,75,75,75,75,75,75,75,75,75,75,75,75,75,75,75,75,75,75,75,75,75,75,75,75,75,75,75,75,75,75,75,75,75,75,75,75,75,75,75,75,75,75,75,75,75],"card_choices":[{"not_picked":["Redo","Sweeping Beam"],"picked":"Cold Snap","floor":1.0},{"not_picked":["Rebound","Conserve Battery","Compile Driver"],"picked":"SKIP","floor":3.0},{"not_picked":["Compile Driver","Turbo"],"picked":"Auto Shields","floor":7.0},{"not_picked":["Turbo","Beam Cell","Aggregate"],"picked":"SKIP","floor":11.0},{"not_picked":["Ball Lightning","Biased Cognition"],"picked":"Auto Shields","floor":13.0},{"not_picked":["Conserve Battery","Steam","Rebound"],"picked":"SKIP","floor":14.0},{"not_picked":["Creative AI","Echo Form"],"picked":"Electrodynamics","floor":16.0},{"not_picked":["Beam Cell","Turbo+1","Compile Driver"],"picked":"SKIP","floor":18.0},{"not_picked":["Cold Snap","Rebound+1","Beam Cell"],"picked":"SKIP","floor":20.0},{"not_picked":["Consume","Streamline","Beam Cell"],"picked":"SKIP","floor":21.0},{"not_picked":["Cold Snap","Hologram"],"picked":"Beam Cell+1","floor":22.0},{"not_picked":["Redo","Sunder+1","Stack+1"],"picked":"SKIP","floor":28.0},{"not_picked":["Leap+1","Redo","Doom and Gloom+1"],"picked":"SKIP","floor":29.0},{"not_picked":["Leap+1","Redo"],"picked":"Doom and Gloom+1","floor":29.0},{"not_picked":["Sweeping Beam","Rebound","Turbo"],"picked":"SKIP","floor":30.0},{"not_picked":["Buffer","Meteor Strike","Coolheaded"],"picked":"SKIP","floor":31.0},{"not_picked":["Steam+1","Stack","Ball Lightning+1"],"picked":"SKIP","floor":35.0},{"not_picked":["Magnetism","Sadistic Nature"],"picked":"Flash of Steel","floor":37.0},{"not_picked":["Enlightenment","Blind"],"picked":"Flash of Steel","floor":37.0},{"not_picked":["Genetic Algorithm+1","Barrage"],"picked":"Go for the Eyes+1","floor":41.0},{"not_picked":["Skim+1","Rebound"],"picked":"Self Repair+1","floor":47.0},{"not_picked":["Hologram","Capacitor"],"picked":"Reinforced Body+1","floor":47.0},{"not_picked":["Scrape","Undo","Machine Learning"],"picked":"SKIP","floor":48.0},{"not_picked":["Sunder","Creative AI","Leap"],"picked":"SKIP","floor":54}],"player_experience":1287354,"relics_obtained":[{"floor":9.0,"key":"Mercury Hourglass"},{"floor":13.0,"key":"Ice Cream"},{"floor":26.0,"key":"Anchor"},{"floor":31.0,"key":"Gremlin Horn"},{"floor":41.0,"key":"Prayer Wheel"},{"floor":44.0,"key":"HornCleat"},{"floor":48.0,"key":"Darkstone Periapt"},{"floor":54,"key":"FossilizedHelix"}],"event_choices":[{"damage_healed":0.0,"max_hp_gain":0.0,"max_hp_loss":0.0,"gold_gain":0.0,"event_name":"Scrap Ooze","player_choice":"Success","floor":2.0,"gold_loss":0.0,"damage_taken":3.0,"relics_obtained":["Cables"]},{"cards_removed":["Dualcast"],"damage_healed":0.0,"max_hp_gain":0.0,"max_hp_loss":0.0,"gold_gain":0.0,"event_name":"Golden Wing","player_choice":"Card Removal","floor":4.0,"gold_loss":0.0,"damage_taken":7.0},{"damage_healed":0.0,"max_hp_gain":0.0,"max_hp_loss":0.0,"gold_gain":0.0,"event_name":"Golden Idol","player_choice":"Take Damage","floor":5.0,"gold_loss":0.0,"damage_taken":18.0,"relics_obtained":["Golden Idol"]},{"damage_healed":0.0,"max_hp_gain":0.0,"max_hp_loss":0.0,"gold_gain":0.0,"event_name":"Shining Light","player_choice":"Entered Light","floor":8.0,"gold_loss":0.0,"damage_taken":15.0,"cards_upgraded":["Defend_B","Strike_B"]},{"damage_healed":0.0,"max_hp_gain":0.0,"max_hp_loss":0.0,"gold_gain":0.0,"event_name":"Living Wall","player_choice":"Grow","floor":10.0,"gold_loss":0.0,"damage_taken":0.0,"cards_upgraded":["Zap"]},{"damage_healed":0.0,"max_hp_gain":0.0,"max_hp_loss":0.0,"gold_gain":0.0,"event_name":"betterNote:BetterNote","player_choice":"Ignored","floor":24.0,"gold_loss":0.0,"damage_taken":0.0,"cards_obtained":["Limit Break"]},{"damage_healed":0.0,"max_hp_gain":0.0,"max_hp_loss":0.0,"gold_gain":0.0,"event_name":"SensoryStone","player_choice":"Memory 2","floor":37.0,"gold_loss":0.0,"damage_taken":5.0},{"damage_healed":0.0,"max_hp_gain":0.0,"max_hp_loss":0.0,"gold_gain":0.0,"event_name":"Tomb of Lord Red Mask","player_choice":"Ignored","floor":38.0,"gold_loss":0.0,"damage_taken":0.0},{"cards_removed":["Tempest"],"damage_healed":0.0,"max_hp_gain":0.0,"max_hp_loss":0.0,"gold_gain":0.0,"event_name":"Falling","player_choice":"Removed Skill","floor":45.0,"gold_loss":0.0,"damage_taken":0.0}],"is_beta":false,"boss_relics":[{"not_picked":["Ectoplasm","Coffee Dripper"],"picked":"Pandora\u0027s Box"},{"not_picked":["Astrolabe","Sozu"],"picked":"Cursed Key"}],"items_purged_floors":[19,39,46],"is_endless":false,"potions_floor_spawned":[3,13,16,22,28,33,35,48,54],"killed_by":"The Heart","ascension_level":0}