{"gold_per_floor":[117,21,36,48,64,64,83,83,83,83,103,103,129,54,54,54],"floor_reached":16,"playtime":367,"items_purged":["Strike_B"],"score":184,"play_id":"726d63e4-efda-48d2-95f1-bd7d462b795e","local_time":"20221209233252","is_ascension_mode":true,"campfire_choices":[{"data":"Dualcast","floor":6,"key":"SMITH"},{"data":"Self Repair","floor":8,"key":"SMITH"},{"data":"Leap","floor":10,"key":"SMITH"},{"floor":15,"key":"REST"}],"neow_cost":"NONE","seed_source_timestamp":282151288529000,"circlet_count":0,"master_deck":["AscendersBane","Strike_B","Strike_B","Strike_B","Defend_B","Defend_B","Defend_B","Defend_B","Zap","Dualcast+1","Self Repair+1","Auto Shields","Leap+1"],"relics":["Cracked Core","NeowsBlessing","Sundial","Du-Vu Doll","Anchor"],"potions_floor_usage":[7],"damage_taken":[{"damage":0,"enemies":"2 Louse","floor":1,"turns":1},{"damage":0,"enemies":"Cultist","floor":3,"turns":1},{"damage":0,"enemies":"Jaw Worm","floor":4,"turns":1},{"damage":28,"enemies":"Exordium Wildlife","floor":5,"turns":7},{"damage":0,"enemies":"2 Fungi Beasts","floor":7,"turns":3},{"damage":22,"enemies":"Large Slime","floor":11,"turns":7},{"damage":41,"enemies":"Slime Boss","floor":16,"turns":8}],"seed_played":"-168277255344021077","potions_obtained":[{"floor":5,"key":"Explosive Potion"}],"is_trial":false,"path_per_floor":["M","?","M","M","M","R","M","R","T","R","M","?","T","$","R","B"],"character_chosen":"DEFECT","items_purchased":[],"campfire_rested":1,"item_purchase_floors":[],"current_hp_per_floor":[64,64,64,64,43,43,50,50,50,50,38,20,20,20,41,0],"gold":54,"neow_bonus":"THREE_ENEMY_KILL","is_prod":false,"is_daily":false,"chose_seed":false,"campfire_upgraded":3,"win_rate":0,"timestamp":1670646772,"path_taken":["M","?","M","?","M","R","M","R","T","R","M","?","?","$","R","BOSS"],"build_version":"2022-12-01","purchased_purges":1,"victory":false,"max_hp_per_floor":[71,71,71,71,71,71,71,71,71,71,71,71,71,71,71,71],"card_choices":[{"not_picked":["Compile Driver","Streamline","Coolheaded"],"picked":"SKIP","floor":1},{"not_picked":["Redo","BootSequence"],"picked":"Self Repair","floor":3},{"not_picked":["White Noise","Compile Driver"],"picked":"Auto Shields","floor":4},{"not_picked":["Streamline","Tempest"],"picked":"Leap","floor":5},{"not_picked":["Lockon","Reinforced Body","Turbo"],"picked":"SKIP","floor":7},{"not_picked":["Gash","Glacier","Heatsinks"],"picked":"SKIP","floor":11}],"player_experience":1284956,"relics_obtained":[{"floor":13,"key":"Anchor"}],"event_choices":[{"damage_healed":0,"gold_gain":0,"player_choice":"Paid Gold","damage_taken":0,"relics_obtained":["Sundial"],"max_hp_gain":0,"max_hp_loss":0,"event_name":"WeMeetAgain","floor":2,"gold_loss":96},{"damage_healed":0,"gold_gain":0,"player_choice":"Success","damage_taken":18,"relics_obtained":["Du-Vu Doll"],"max_hp_gain":0,"max_hp_loss":0,"event_name":"Scrap Ooze","floor":12,"gold_loss":0}],"is_beta":false,"boss_relics":[],"items_purged_floors":[14],"is_endless":false,"potions_floor_spawned":[5],"killed_by":"Slime Boss","ascension_level":20}