{"gold_per_floor":[369,150,150,160,176,176,207,220,245,258,276,276,293,307,307,402,402,418,418,418,62,62,93,93,17,17,35,64,83,94,108,108,108],"floor_reached":33,"playtime":1205,"items_purged":["Clumsy","Strike_B"],"score":291,"play_id":"1e4b5236-393a-40d8-98ff-ab8b87bca597","local_time":"20221210001028","is_ascension_mode":false,"campfire_choices":[{"data":"Chaos","floor":6.0,"key":"SMITH"},{"data":"Zap","floor":12.0,"key":"SMITH"},{"data":"Chill","floor":15.0,"key":"SMITH"},{"data":"Self Repair","floor":24.0,"key":"SMITH"},{"data":"Defend_B","floor":32,"key":"SMITH"}],"neow_cost":"CURSE","seed_source_timestamp":283551797388200,"circlet_count":0,"master_deck":["Strike_B","Defend_B","Defend_B","Defend_B+1","Zap+1","Static Discharge","Rip and Tear","Chill+1","Chaos+1","FTL","Ball Lightning","Steam","Hologram","Hologram","Go for the Eyes","Stack","Electrodynamics","Static Discharge+1","Lockon+1","Storm+1","Cold Snap","J.A.X.","Self Repair+1","Stack","Static Discharge","Stack","Compile Driver"],"special_seed":0,"relics":["Cracked Core","Art of War","Happy Flower","Astrolabe","Membership Card","Bag of Preparation","Nunchaku","PreservedInsect","Omamori","DataDisk"],"potions_floor_usage":[29],"damage_taken":[{"damage":1.0,"enemies":"Cultist","floor":1.0,"turns":3.0},{"damage":0.0,"enemies":"2 Louse","floor":4.0,"turns":3.0},{"damage":4.0,"enemies":"Jaw Worm","floor":5.0,"turns":3.0},{"damage":14.0,"enemies":"Gremlin Nob","floor":7.0,"turns":3.0},{"damage":0.0,"enemies":"Blue Slaver","floor":8.0,"turns":2.0},{"damage":1.0,"enemies":"Looter","floor":10.0,"turns":3.0},{"damage":0.0,"enemies":"Large Slime","floor":11.0,"turns":5.0},{"damage":3.0,"enemies":"3 Louse","floor":13.0,"turns":3.0},{"damage":6.0,"enemies":"Exordium Wildlife","floor":14.0,"turns":4.0},{"damage":4.0,"enemies":"Slime Boss","floor":16.0,"turns":8.0},{"damage":2.0,"enemies":"Shell Parasite","floor":18.0,"turns":3.0},{"damage":20.0,"enemies":"Slavers","floor":23.0,"turns":3.0},{"damage":15.0,"enemies":"2 Thieves","floor":27.0,"turns":4.0},{"damage":18,"enemies":"Book of Stabbing","floor":28,"turns":2},{"damage":3,"enemies":"Snake Plant","floor":29,"turns":4},{"damage":3,"enemies":"Centurion and Healer","floor":30,"turns":4},{"damage":3,"enemies":"Cultist and Chosen","floor":31,"turns":5},{"damage":61,"enemies":"Collector","floor":33,"turns":7}],"seed_played":"-3500308571460458478","potions_obtained":[{"floor":5.0,"key":"Strength Potion"},{"floor":7.0,"key":"ColorlessPotion"},{"floor":8.0,"key":"Strength Potion"},{"floor":10.0,"key":"FocusPotion"},{"floor":16.0,"key":"BlessingOfTheForge"},{"floor":23.0,"key":"Ancient Potion"}],"is_trial":false,"path_per_floor":["M","$","?","M","M","R","E","M","T","M","M","R","M","M","R","B",null,"M","?","?","$","$","E","R","$","T","M","E","M","M","M","R","B"],"character_chosen":"DEFECT","items_purchased":["Rip and Tear","Chill","Self Repair","Membership Card","Stack","Bag of Preparation","PreservedInsect"],"campfire_rested":0,"item_purchase_floors":[2,2,21,21,21,21,25],"current_hp_per_floor":[74,74,74,74,70,70,56,56,56,55,55,55,52,46,46,42,75,73,73,73,73,73,60,60,60,60,45,37,44,51,58,58,0],"gold":108,"neow_bonus":"TWO_FIFTY_GOLD","is_prod":false,"is_daily":false,"chose_seed":false,"campfire_upgraded":5,"win_rate":0,"timestamp":1670649028,"path_taken":["M","$","?","M","M","R","E","M","T","M","?","R","M","M","R","BOSS","M","?","?","?","$","E","R","$","T","M","E","M","M","M","R","BOSS"],"build_version":"2022-12-01","purchased_purges":2,"victory":false,"max_hp_per_floor":[75,75,75,75,75,75,75,75,75,75,75,75,75,75,75,75,75,75,75,75,75,75,75,75,75,75,75,75,75,75,75,75,75],"card_choices":[{"not_picked":["Conserve Battery","Barrage"],"picked":"Static Discharge","floor":1.0},{"not_picked":["Chaos","Beam Cell"],"picked":"FTL","floor":4.0},{"not_picked":["Rip and Tear","Steam Power"],"picked":"Ball Lightning","floor":5.0},{"not_picked":["Barrage","Coolheaded","Lockon"],"picked":"SKIP","floor":7.0},{"not_picked":["Redo","FTL"],"picked":"Steam","floor":8.0},{"not_picked":["Lockon","Streamline"],"picked":"Hologram","floor":10.0},{"not_picked":["Creative AI","Tempest"],"picked":"Hologram","floor":11.0},{"not_picked":["Compile Driver","Beam Cell"],"picked":"Go for the Eyes","floor":13.0},{"not_picked":["Go for the Eyes","Loop"],"picked":"Stack","floor":14.0},{"not_picked":["All For One","Creative AI"],"picked":"Electrodynamics","floor":16.0},{"not_picked":["Defragment","Rebound"],"picked":"Cold Snap","floor":18.0},{"not_picked":["Tempest+1","Blizzard"],"picked":"Static Discharge","floor":23.0},{"not_picked":["Coolheaded","Gash+1","Conserve Battery"],"picked":"SKIP","floor":27.0},{"not_picked":["Multi-Cast","Turbo+1","Ball Lightning"],"picked":"SKIP","floor":28},{"not_picked":["Barrage","Machine Learning"],"picked":"Stack","floor":29},{"not_picked":["Sweeping Beam","Defragment"],"picked":"Compile Driver","floor":30},{"not_picked":["Genetic Algorithm","Fusion","Rebound+1"],"picked":"SKIP","floor":31}],"player_experience":1286149,"relics_obtained":[{"floor":7.0,"key":"Art of War"},{"floor":9.0,"key":"Happy Flower"},{"floor":23.0,"key":"Nunchaku"},{"floor":26.0,"key":"Omamori"},{"floor":28,"key":"DataDisk"}],"event_choices":[{"damage_healed":0.0,"max_hp_gain":0.0,"max_hp_loss":0.0,"gold_gain":0.0,"cards_transformed":["Dualcast"],"event_name":"Transmorgrifier","player_choice":"Transformed","floor":3.0,"gold_loss":0.0,"damage_taken":0.0,"cards_obtained":["Chaos"]},{"damage_healed":0.0,"max_hp_gain":0.0,"max_hp_loss":0.0,"gold_gain":0.0,"event_name":"betterNote:BetterNote","player_choice":"Ignored","floor":19.0,"gold_loss":0.0,"damage_taken":0.0,"cards_obtained":["Limit Break"]},{"damage_healed":0.0,"max_hp_gain":0.0,"max_hp_loss":0.0,"gold_gain":0.0,"event_name":"Drug Dealer","player_choice":"Obtain J.A.X.","floor":20.0,"gold_loss":0.0,"damage_taken":0.0,"cards_obtained":["J.A.X."]}],"is_beta":false,"boss_relics":[{"not_picked":["Fusion Hammer","SlaversCollar"],"picked":"Astrolabe"}],"items_purged_floors":[2,21],"is_endless":false,"potions_floor_spawned":[5,7,8,10,16,23],"killed_by":"Collector","ascension_level":0}