{"gold_per_floor":[11,11,11,11,30,30,30,30,107,8,41,41,41,55,55,148,148,162,56,69,82,2,35,35],"floor_reached":24,"playtime":806,"items_purged":[],"score":424,"play_id":"2e51556c-a8e1-4d89-a54a-8227c1f794c3","local_time":"20221210113941","is_ascension_mode":true,"campfire_choices":[{"data":"Defend_B","floor":6,"key":"SMITH"},{"floor":8,"key":"REST"},{"data":"Defend_B","floor":13,"key":"SMITH"},{"floor":15,"key":"REST"}],"neow_cost":"NO_GOLD","seed_source_timestamp":325318412429300,"circlet_count":0,"master_deck":["AscendersBane","Strike_B","Strike_B","Strike_B+1","Strike_B","Defend_B+1","Defend_B","Defend_B","Defend_B+1","Zap","Dualcast+1","Buffer+1","Steam","PanicButton+1","Go for the Eyes","Electrodynamics","Hello World","Dark Shackles+1","Cold Snap","Gash+1"],"relics":["Cracked Core","Golden Idol","Pantograph","Bag of Marbles","Strawberry","Sozu","War Paint","HornCleat"],"potions_floor_usage":[11,16,21],"damage_taken":[{"damage":2,"enemies":"Jaw Worm","floor":1,"turns":4},{"damage":1,"enemies":"Cultist","floor":5,"turns":5},{"damage":3,"enemies":"3 Sentries","floor":11,"turns":9},{"damage":0,"enemies":"2 Louse","floor":14,"turns":3},{"damage":56,"enemies":"Hexaghost","floor":16,"turns":10},{"damage":18,"enemies":"2 Thieves","floor":18,"turns":5},{"damage":12,"enemies":"Shell Parasite","floor":20,"turns":7},{"damage":6,"enemies":"Snecko","floor":21,"turns":7},{"damage":15,"enemies":"Slavers","floor":23,"turns":5},{"damage":14,"enemies":"Shelled Parasite and Fungi","floor":24,"turns":1}],"seed_played":"2971789228273820525","potions_obtained":[{"floor":1,"key":"EssenceOfSteel"},{"floor":11,"key":"EssenceOfDarkness"},{"floor":14,"key":"SteroidPotion"}],"is_trial":false,"path_per_floor":["M","?","$","?","M","R","?","R","T","$","E","T","R","M","R","B",null,"M","$","M","M","?","E","M"],"character_chosen":"DEFECT","items_purchased":["PanicButton","Dark Shackles"],"campfire_rested":2,"item_purchase_floors":[10,19],"current_hp_per_floor":[62,62,62,38,37,37,16,37,37,37,34,41,41,41,64,22,64,46,46,34,28,28,13,0],"gold":35,"neow_bonus":"THREE_RARE_CARDS","is_prod":false,"is_daily":false,"chose_seed":false,"campfire_upgraded":2,"win_rate":0,"timestamp":1670690381,"path_taken":["M","?","?","?","M","R","?","R","T","$","E","?","R","M","R","BOSS","M","$","M","M","?","E","?"],"build_version":"2022-12-01","purchased_purges":0,"victory":false,"max_hp_per_floor":[71,71,71,71,71,71,71,71,71,71,71,78,78,78,78,78,78,78,78,78,78,78,78,78],"card_choices":[{"not_picked":["Amplify","Creative AI"],"picked":"Buffer","floor":0},{"not_picked":["Leap","Gash"],"picked":"Steam","floor":1},{"not_picked":["Hologram","Chaos","Gash"],"picked":"SKIP","floor":5},{"not_picked":["Force Field","Lockon","Stack"],"picked":"SKIP","floor":11},{"not_picked":["Gash","Sweeping Beam"],"picked":"Go for the Eyes","floor":14},{"not_picked":["Reboot","Fission"],"picked":"Electrodynamics","floor":16},{"not_picked":["Gash","Turbo"],"picked":"Hello World","floor":18},{"not_picked":["Rebound","Gash","Stack"],"picked":"SKIP","floor":20},{"not_picked":["Compile Driver","Redo"],"picked":"Cold Snap","floor":21},{"not_picked":["Hologram","Darkness"],"picked":"Gash+1","floor":23}],"player_experience":1291991,"relics_obtained":[{"floor":9,"key":"Pantograph"},{"floor":11,"key":"Bag of Marbles"},{"floor":12,"key":"Strawberry"},{"floor":23,"key":"HornCleat"}],"event_choices":[{"damage_healed":0,"gold_gain":0,"player_choice":"Forge","damage_taken":0,"max_hp_gain":0,"max_hp_loss":0,"event_name":"Accursed Blacksmith","floor":2,"gold_loss":0,"cards_upgraded":["Dualcast"]},{"damage_healed":0,"gold_gain":0,"player_choice":"Take Damage","damage_taken":24,"relics_obtained":["Golden Idol"],"max_hp_gain":0,"max_hp_loss":0,"event_name":"Golden Idol","floor":4,"gold_loss":0},{"damage_healed":0,"gold_gain":0,"player_choice":"Entered Light","damage_taken":21,"max_hp_gain":0,"max_hp_loss":0,"event_name":"Shining Light","floor":7,"gold_loss":0,"cards_upgraded":["Strike_B","Buffer"]},{"damage_healed":0,"gold_gain":0,"player_choice":"Paid Gold","damage_taken":0,"relics_obtained":["War Paint"],"max_hp_gain":0,"max_hp_loss":0,"event_name":"WeMeetAgain","floor":22,"gold_loss":80}],"is_beta":false,"boss_relics":[{"not_picked":["Runic Pyramid","Fusion Hammer"],"picked":"Sozu"}],"items_purged_floors":[],"is_endless":false,"potions_floor_spawned":[1,11,14,20,21],"killed_by":"Shelled Parasite and Fungi","ascension_level":20}