{"gold_per_floor":[131,131,170,4,4,4,52,52,132,179,209,263,299,330,330,330],"floor_reached":16,"playtime":638,"items_purged":[],"score":240,"play_id":"d196681e-a19a-43ac-8c20-136746dd3bc5","local_time":"20221210105550","is_ascension_mode":true,"campfire_choices":[{"data":"Dualcast","floor":6,"key":"SMITH"},{"data":"Streamline","floor":8,"key":"SMITH"},{"floor":15,"key":"REST"}],"neow_cost":"PERCENT_DAMAGE","seed_source_timestamp":322855053224900,"circlet_count":0,"master_deck":["AscendersBane","Strike_B","Strike_B","Strike_B","Strike_B","Defend_B","Defend_B","Defend_B","Defend_B","Zap","Dualcast+1","HandOfGreed","Static Discharge","FTL","Steam","Streamline+1","Hello World","Melter","Conserve Battery"],"relics":["Cracked Core","Happy Flower","InkBottle","Bottled Flame","Tiny Chest"],"potions_floor_usage":[7,10,12,14,16],"damage_taken":[{"damage":2,"enemies":"Jaw Worm","floor":1,"turns":2},{"damage":0,"enemies":"2 Louse","floor":3,"turns":1},{"damage":24,"enemies":"Lagavulin","floor":7,"turns":5},{"damage":11,"enemies":"Gremlin Nob","floor":10,"turns":3},{"damage":8,"enemies":"Small Slimes","floor":11,"turns":3},{"damage":10,"enemies":"3 Sentries","floor":12,"turns":5},{"damage":5,"enemies":"Looter","floor":13,"turns":2},{"damage":5,"enemies":"Blue Slaver","floor":14,"turns":2},{"damage":25,"enemies":"Hexaghost","floor":16,"turns":9}],"seed_played":"928163947651717461","potions_obtained":[{"floor":3,"key":"PowerPotion"},{"floor":7,"key":"DuplicationPotion"},{"floor":10,"key":"Explosive Potion"},{"floor":13,"key":"Dexterity Potion"},{"floor":14,"key":"PowerPotion"}],"is_trial":false,"path_per_floor":["M","?","M","$","?","R","E","R","T","E","M","E","M","M","R","B"],"character_chosen":"DEFECT","items_purchased":["FTL","Steam","Streamline"],"campfire_rested":1,"item_purchase_floors":[4,4,4],"current_hp_per_floor":[44,44,44,44,67,67,43,43,43,32,24,14,9,4,25,0],"gold":330,"neow_bonus":"RANDOM_COLORLESS_2","is_prod":false,"is_daily":false,"chose_seed":false,"campfire_upgraded":2,"win_rate":0,"timestamp":1670687750,"path_taken":["M","?","M","$","?","R","E","R","T","E","M","E","M","M","R","BOSS"],"build_version":"2022-12-01","purchased_purges":0,"victory":false,"max_hp_per_floor":[71,71,71,71,71,71,71,71,71,71,71,71,71,71,71,71],"card_choices":[{"not_picked":["Chrysalis","Transmutation"],"picked":"HandOfGreed","floor":0},{"not_picked":["Redo","White Noise","Reprogram"],"picked":"SKIP","floor":1},{"not_picked":["Defragment","Sweeping Beam"],"picked":"Static Discharge","floor":3},{"not_picked":["Rip and Tear","Redo"],"picked":"Hello World","floor":7},{"not_picked":["Scrape","Genetic Algorithm","Loop"],"picked":"SKIP","floor":10},{"not_picked":["Streamline","Conserve Battery"],"picked":"Melter","floor":11},{"not_picked":["Static Discharge","Tempest","Rebound"],"picked":"SKIP","floor":12},{"not_picked":["Gash","Recycle"],"picked":"Conserve Battery","floor":13},{"not_picked":["Hologram","Amplify","Steam Power"],"picked":"SKIP","floor":14}],"player_experience":1289584,"relics_obtained":[{"floor":7,"key":"Happy Flower"},{"floor":9,"key":"InkBottle"},{"floor":10,"key":"Bottled Flame"},{"floor":12,"key":"Tiny Chest"}],"event_choices":[{"damage_healed":0,"gold_gain":0,"player_choice":"Ignored","damage_taken":0,"max_hp_gain":0,"max_hp_loss":0,"event_name":"Liars Game","floor":2,"gold_loss":0},{"damage_healed":23,"gold_gain":0,"player_choice":"Banana","damage_taken":0,"max_hp_gain":0,"max_hp_loss":0,"event_name":"Big Fish","floor":5,"gold_loss":0}],"is_beta":false,"boss_relics":[],"items_purged_floors":[],"is_endless":false,"potions_floor_spawned":[3,7,10,13,14],"killed_by":"Hexaghost","ascension_level":20}