{"gold_per_floor":[117,117,117,117,37,37,70,90,115,128,27,27,38,38,38,112,112,123,123,48,58,58],"floor_reached":22,"playtime":815,"items_purged":["Zap"],"score":414,"play_id":"a939b50c-fadf-48ae-b75f-d381ab5ce09a","local_time":"20221209222853","is_ascension_mode":true,"campfire_choices":[{"floor":6,"key":"REST"},{"data":"Defend_B","floor":12,"key":"SMITH"},{"data":"Strike_B","floor":15,"key":"SMITH"}],"neow_cost":"NONE","seed_source_timestamp":277861475433700,"circlet_count":0,"master_deck":["AscendersBane","Strike_B+1","Strike_B","Strike_B+1","Strike_B+1","Defend_B+1","Defend_B","Defend_B","Defend_B","Dualcast+1","Hello World","Cold Snap","Steam","Steam","Swift Strike","Cold Snap","Reboot","FTL","All For One","Force Field+1"],"relics":["Cracked Core","NeowsBlessing","Art of War","Boot","Nuclear Battery"],"potions_floor_usage":[16,16],"damage_taken":[{"damage":0,"enemies":"2 Louse","floor":1,"turns":1},{"damage":0,"enemies":"Gremlin Nob","floor":7,"turns":1},{"damage":0,"enemies":"Jaw Worm","floor":8,"turns":1},{"damage":0,"enemies":"Cultist","floor":10,"turns":3},{"damage":0,"enemies":"Exordium Wildlife","floor":13,"turns":2},{"damage":29,"enemies":"Slime Boss","floor":16,"turns":14},{"damage":27,"enemies":"3 Byrds","floor":18,"turns":8},{"damage":7,"enemies":"2 Thieves","floor":21,"turns":5},{"damage":29,"enemies":"Centurion and Healer","floor":22,"turns":5}],"seed_played":"3145353498686667639","potions_obtained":[{"floor":1,"key":"Explosive Potion"},{"floor":13,"key":"Dexterity Potion"}],"is_trial":false,"path_per_floor":["M","?","?","?","$","R","E","M","T","M","$","R","M","?","R","B",null,"M","?","$","M","M"],"character_chosen":"DEFECT","items_purchased":["Hello World","Swift Strike"],"campfire_rested":1,"item_purchase_floors":[5,11],"current_hp_per_floor":[64,43,43,43,43,64,64,64,64,64,64,64,64,57,57,28,60,33,33,33,26,0],"gold":58,"neow_bonus":"THREE_ENEMY_KILL","is_prod":false,"is_daily":false,"chose_seed":false,"campfire_upgraded":2,"win_rate":0,"timestamp":1670642933,"path_taken":["M","?","?","?","?","R","E","M","T","M","$","R","?","?","R","BOSS","M","?","$","M","?"],"build_version":"2022-12-01","purchased_purges":1,"victory":false,"max_hp_per_floor":[71,71,71,71,71,71,71,71,71,71,71,71,71,71,71,71,71,71,71,71,71,71],"card_choices":[{"not_picked":["Undo","Beam Cell","Genetic Algorithm"],"picked":"SKIP","floor":1},{"not_picked":["Fusion","Hello World"],"picked":"Cold Snap","floor":7},{"not_picked":["Coolheaded","Rebound"],"picked":"Steam","floor":8},{"not_picked":["Coolheaded","Reinforced Body"],"picked":"Steam","floor":10},{"not_picked":["Ball Lightning","Leap"],"picked":"Cold Snap","floor":13},{"not_picked":["Core Surge","Rainbow"],"picked":"Reboot","floor":16},{"not_picked":["Chaos","Fusion+1"],"picked":"FTL","floor":18},{"not_picked":["Steam Power","Heatsinks"],"picked":"Force Field+1","floor":21}],"player_experience":1280737,"relics_obtained":[{"floor":7,"key":"Art of War"},{"floor":9,"key":"Boot"}],"event_choices":[{"damage_healed":0,"gold_gain":0,"player_choice":"Entered Light","damage_taken":21,"max_hp_gain":0,"max_hp_loss":0,"event_name":"Shining Light","floor":2,"gold_loss":0,"cards_upgraded":["Strike_B","Strike_B"]},{"damage_healed":0,"gold_gain":0,"player_choice":"Grow","damage_taken":0,"max_hp_gain":0,"max_hp_loss":0,"event_name":"Living Wall","floor":3,"gold_loss":0,"cards_upgraded":["Dualcast"]},{"damage_healed":0,"gold_gain":0,"player_choice":"Fled","damage_taken":0,"max_hp_gain":0,"max_hp_loss":0,"event_name":"Scrap Ooze","floor":4,"gold_loss":0},{"cards_removed":["Zap"],"damage_healed":0,"gold_gain":0,"player_choice":"Card Removal","damage_taken":7,"max_hp_gain":0,"max_hp_loss":0,"event_name":"Golden Wing","floor":14,"gold_loss":0},{"damage_healed":0,"gold_gain":0,"player_choice":"2 cards matched","damage_taken":0,"max_hp_gain":0,"max_hp_loss":0,"event_name":"Match and Keep!","floor":19,"gold_loss":0,"cards_obtained":["Zap","All For One"]}],"is_beta":false,"boss_relics":[{"not_picked":["Coffee Dripper","Empty Cage"],"picked":"Nuclear Battery"}],"items_purged_floors":[20],"is_endless":false,"potions_floor_spawned":[1,13],"killed_by":"Centurion and Healer","ascension_level":20}