{"gold_per_floor":[115,129,139,139,153,153,183,183,236,251,283,295,295,51,51,148,148,162,180,90,103,117,150,150,179,179,213,213,213,213,17,17,121,121,132,7,7,7,26,61,61,111,190,200,210,226,236,253,253,253],"floor_reached":51,"playtime":3366,"items_purged":["Strike_B","Strike_B","Defend_B"],"score":799,"play_id":"fa7b7a95-a929-41cd-b2c0-e78212b90fe4","local_time":"20221210233935","is_ascension_mode":false,"campfire_choices":[{"data":"Zap","floor":6.0,"key":"SMITH"},{"data":"Dualcast","floor":8.0,"key":"SMITH"},{"data":"Defragment","floor":15.0,"key":"SMITH"},{"data":"Darkness","floor":29.0,"key":"SMITH"},{"data":"Double Energy","floor":32.0,"key":"SMITH"},{"data":"Consume","floor":41.0,"key":"SMITH"},{"floor":49,"key":"REST"}],"neow_cost":"NONE","seed_source_timestamp":365782142947100,"circlet_count":0,"master_deck":["Defend_B","Defend_B","Zap+1","Dualcast+1","Auto Shields","Sunder","Go for the Eyes","Rebound","Glacier","Scrape+1","Streamline","Hologram","Defragment+1","Good Instincts","Double Energy+1","Skim","Consume+1","Steam Power+1","Darkness+1","Beam Cell","Core Surge","Dramatic Entrance","Thunder Strike","Turbo+1","Deep Breath","Flash of Steel","Reboot","Sweeping Beam+1","Consume+1","Rainbow"],"special_seed":0,"relics":["Cracked Core","Mercury Hourglass","Lantern","Potion Belt","Inserter","Pear","Kunai","Symbiotic Virus","Regal Pillow","Akabeko","Runic Pyramid","Gremlin Horn","Calipers","Bottled Flame"],"potions_floor_usage":[44,48,50,50,50,50],"damage_taken":[{"damage":9.0,"enemies":"Small Slimes","floor":1.0,"turns":4.0},{"damage":4.0,"enemies":"2 Louse","floor":2.0,"turns":2.0},{"damage":3.0,"enemies":"Jaw Worm","floor":3.0,"turns":4.0},{"damage":0.0,"enemies":"3 Louse","floor":5.0,"turns":2.0},{"damage":4.0,"enemies":"Gremlin Nob","floor":7.0,"turns":3.0},{"damage":0.0,"enemies":"Large Slime","floor":10.0,"turns":4.0},{"damage":0.0,"enemies":"3 Sentries","floor":11.0,"turns":4.0},{"damage":0.0,"enemies":"2 Fungi Beasts","floor":12.0,"turns":1.0},{"damage":18.0,"enemies":"The Guardian","floor":16.0,"turns":10.0},{"damage":10.0,"enemies":"Chosen","floor":18.0,"turns":4.0},{"damage":7.0,"enemies":"Spheric Guardian","floor":19.0,"turns":4.0},{"damage":16.0,"enemies":"Snake Plant","floor":21.0,"turns":4.0},{"damage":3.0,"enemies":"Cultist and Chosen","floor":22.0,"turns":7.0},{"damage":20.0,"enemies":"Slavers","floor":23.0,"turns":9.0},{"damage":1.0,"enemies":"Gremlin Leader","floor":25.0,"turns":8.0},{"damage":10.0,"enemies":"Book of Stabbing","floor":27.0,"turns":4.0},{"damage":27.0,"enemies":"Champ","floor":33.0,"turns":9.0},{"damage":0.0,"enemies":"3 Darklings","floor":35.0,"turns":4.0},{"damage":2.0,"enemies":"Orb Walker","floor":39.0,"turns":3.0},{"damage":14.0,"enemies":"Reptomancer","floor":40.0,"turns":6.0},{"damage":0,"enemies":"Mind Bloom Boss Battle","floor":42,"turns":3},{"damage":1,"enemies":"Spire Growth","floor":44,"turns":4},{"damage":0,"enemies":"Transient","floor":45,"turns":5},{"damage":2,"enemies":"4 Shapes","floor":46,"turns":3},{"damage":0,"enemies":"Spire Growth","floor":47,"turns":4},{"damage":7,"enemies":"Jaw Worm Horde","floor":48,"turns":3},{"damage":50,"enemies":"Awakened One","floor":50,"turns":12}],"seed_played":"2043257347251710779","potions_obtained":[{"floor":1.0,"key":"LiquidMemories"},{"floor":5.0,"key":"LiquidMemories"},{"floor":7.0,"key":"Swift Potion"},{"floor":10.0,"key":"PotionOfCapacity"},{"floor":16.0,"key":"GamblersBrew"},{"floor":23.0,"key":"PotionOfCapacity"},{"floor":25.0,"key":"LiquidBronze"},{"floor":27.0,"key":"SteroidPotion"},{"floor":33.0,"key":"Strength Potion"},{"floor":42,"key":"SpeedPotion"},{"floor":44,"key":"Strength Potion"},{"floor":45,"key":"LiquidBronze"},{"floor":47,"key":"Explosive Potion"},{"floor":48,"key":"ColorlessPotion"}],"is_trial":false,"path_per_floor":["M","M","M","?","M","R","E","R","T","M","E","M","?","$","R","B",null,"M","M","?","M","M","E","?","E","T","E","T","R","?","$","R","B",null,"M","$","?","?","M","E","R","?","T","M","M","M","M","M","R","B",null],"character_chosen":"DEFECT","items_purchased":["Defragment","Good Instincts","Dramatic Entrance"],"campfire_rested":1,"item_purchase_floors":[14,14,31],"current_hp_per_floor":[66,62,59,52,52,52,48,48,48,48,48,48,73,73,73,55,75,65,58,58,42,39,29,95,94,94,84,84,84,95,95,95,68,95,95,95,90,90,88,74,74,74,74,73,73,71,71,64,90,40],"gold":253,"neow_bonus":"REMOVE_CARD","is_prod":false,"is_daily":false,"chose_seed":false,"campfire_upgraded":6,"win_rate":0,"timestamp":1670733575,"path_taken":["M","M","M","?","M","R","E","R","T","M","E","M","?","$","R","BOSS","M","M","?","M","M","E","?","E","T","E","?","R","?","$","R","BOSS","M","$","?","?","M","E","R","?","T","M","M","M","?","M","R","BOSS"],"build_version":"2022-12-01","purchased_purges":3,"victory":true,"max_hp_per_floor":[75,75,75,75,75,75,75,75,75,75,75,75,75,75,75,75,75,75,75,75,75,75,85,95,95,95,95,95,95,95,95,95,95,95,95,95,95,90,90,90,90,90,90,90,90,90,90,90,90,90],"card_choices":[{"not_picked":["Undo","Rebound"],"picked":"Auto Shields","floor":1.0},{"not_picked":["Steam","Beam Cell"],"picked":"Sunder","floor":2.0},{"not_picked":["Capacitor","Genetic Algorithm"],"picked":"Go for the Eyes","floor":3.0},{"not_picked":["Steam","Redo"],"picked":"Rebound","floor":5.0},{"not_picked":["Genetic Algorithm","Redo"],"picked":"Glacier","floor":7.0},{"not_picked":["Capacitor","Beam Cell"],"picked":"Scrape","floor":10.0},{"not_picked":["Stack","Multi-Cast"],"picked":"Streamline","floor":11.0},{"not_picked":["Redo","Blizzard"],"picked":"Hologram","floor":12.0},{"not_picked":["Creative AI","Hyperbeam"],"picked":"Echo Form","floor":16.0},{"not_picked":["Chill","Sweeping Beam"],"picked":"Double Energy","floor":18.0},{"not_picked":["Go for the Eyes+1","Sweeping Beam"],"picked":"Skim","floor":19.0},{"not_picked":["Darkness","Hologram"],"picked":"Consume","floor":21.0},{"not_picked":["Leap","Barrage"],"picked":"Steam Power+1","floor":22.0},{"not_picked":["Heatsinks","Leap"],"picked":"Darkness","floor":23.0},{"not_picked":["Stack","Rebound"],"picked":"Beam Cell","floor":25.0},{"not_picked":["Leap","Compile Driver"],"picked":"Core Surge","floor":27.0},{"not_picked":["Buffer","Multi-Cast"],"picked":"Thunder Strike","floor":33.0},{"not_picked":["Conserve Battery","Recycle+1"],"picked":"Turbo+1","floor":35.0},{"not_picked":["Sadistic Nature","Magnetism"],"picked":"Deep Breath","floor":37.0},{"not_picked":["Trip","Good Instincts"],"picked":"Flash of Steel","floor":37.0},{"not_picked":["Skim+1","Compile Driver","Stack+1"],"picked":"SKIP","floor":39.0},{"not_picked":["Streamline","White Noise"],"picked":"Reboot","floor":40.0},{"not_picked":["Go for the Eyes","Streamline"],"picked":"Sweeping Beam+1","floor":44},{"not_picked":["Capacitor+1","Beam Cell"],"picked":"Consume+1","floor":45},{"not_picked":["Conserve Battery","FTL"],"picked":"Rainbow","floor":46},{"not_picked":["Sweeping Beam+1","Redo+1","Rebound"],"picked":"SKIP","floor":47},{"not_picked":["Rebound","Conserve Battery","Redo+1"],"picked":"SKIP","floor":48}],"player_experience":1328400,"relics_obtained":[{"floor":7.0,"key":"Mercury Hourglass"},{"floor":9.0,"key":"Lantern"},{"floor":11.0,"key":"Potion Belt"},{"floor":23.0,"key":"Pear"},{"floor":25.0,"key":"Kunai"},{"floor":26.0,"key":"Symbiotic Virus"},{"floor":27.0,"key":"Regal Pillow"},{"floor":28.0,"key":"Akabeko"},{"floor":40.0,"key":"Gremlin Horn"},{"floor":42,"key":"Calipers"},{"floor":43,"key":"Bottled Flame"}],"event_choices":[{"cards_removed":["Strike_B"],"damage_healed":0.0,"max_hp_gain":0.0,"max_hp_loss":0.0,"gold_gain":0.0,"event_name":"Golden Wing","player_choice":"Card Removal","floor":4.0,"gold_loss":0.0,"damage_taken":7.0},{"damage_healed":25.0,"max_hp_gain":0.0,"max_hp_loss":0.0,"gold_gain":0.0,"event_name":"Big Fish","player_choice":"Banana","floor":13.0,"gold_loss":0.0,"damage_taken":0.0},{"cards_removed":["Defend_B"],"damage_healed":0.0,"max_hp_gain":0.0,"max_hp_loss":0.0,"gold_gain":0.0,"event_name":"Designer","player_choice":"Upgrade and Remove","floor":20.0,"gold_loss":90.0,"damage_taken":0.0,"cards_upgraded":["Scrape"]},{"cards_removed":["Echo Form"],"damage_healed":56.0,"max_hp_gain":10.0,"max_hp_loss":0.0,"gold_gain":0.0,"event_name":"Bonfire Elementals","player_choice":"Offered Rare","floor":24.0,"gold_loss":0.0,"damage_taken":0.0},{"damage_healed":11.0,"max_hp_gain":0.0,"max_hp_loss":0.0,"gold_gain":0.0,"event_name":"Wheel of Change","player_choice":"Full Heal","floor":30.0,"gold_loss":0.0,"damage_taken":0.0},{"damage_healed":0.0,"max_hp_gain":0.0,"max_hp_loss":0.0,"gold_gain":0.0,"event_name":"SensoryStone","player_choice":"Memory 2","floor":37.0,"gold_loss":0.0,"damage_taken":5.0},{"damage_healed":0.0,"max_hp_gain":0.0,"max_hp_loss":5.0,"gold_gain":0.0,"event_name":"Winding Halls","player_choice":"Max HP","floor":38.0,"gold_loss":0.0,"damage_taken":0.0},{"damage_healed":0,"gold_gain":0,"player_choice":"Fight","damage_taken":0,"max_hp_gain":0,"max_hp_loss":0,"event_name":"MindBloom","floor":42,"gold_loss":0}],"is_beta":false,"boss_relics":[{"not_picked":["Ectoplasm","FrozenCore"],"picked":"Inserter"},{"not_picked":["Black Star","Runic Dome"],"picked":"Runic Pyramid"}],"items_purged_floors":[14,31,36],"is_endless":false,"potions_floor_spawned":[1,5,7,10,16,23,25,27,33,42,44,45,47,48],"ascension_level":0}