{"gold_per_floor":[113,123,0,10,85,116,116,148,148,148,165,165,175,175,175,279,279,297,297,297,309,224,224,254,269,345,355,382,402,402],"floor_reached":30,"playtime":994,"items_purged":["Strike_B"],"score":458,"play_id":"40ec935f-1c8f-478c-83fd-f9b9bcabd348","local_time":"20221222100242","is_ascension_mode":true,"campfire_choices":[{"floor":7,"key":"REST"},{"floor":10,"key":"REST"},{"floor":15,"key":"REST"},{"floor":23,"key":"REST"}],"neow_cost":"PERCENT_DAMAGE","seed_source_timestamp":509756374859900,"circlet_count":0,"master_deck":["AscendersBane","Strike_B","Defend_B","Defend_B","Defend_B","Zap","Dualcast","Doom and Gloom","Genetic Algorithm","Chaos","Coolheaded","Steam","Ball Lightning","Streamline","Sunder","Hologram","Ball Lightning","Biased Cognition","Redo","Necronomicurse","Sweeping Beam+1","Turbo","Conserve Battery+1","Hyperbeam"],"relics":["Cracked Core","Happy Flower","Meat on the Bone","MealTicket","Philosopher\u0027s Stone","Necronomicon","Juzu Bracelet","Akabeko","Eternal Feather","Mummified Hand"],"potions_floor_usage":[6,24,24,24,29],"damage_taken":[{"damage":2,"enemies":"Jaw Worm","floor":1,"turns":3},{"damage":0,"enemies":"2 Louse","floor":2,"turns":3},{"damage":0,"enemies":"Small Slimes","floor":4,"turns":3},{"damage":33,"enemies":"3 Sentries","floor":6,"turns":7},{"damage":22,"enemies":"Gremlin Nob","floor":8,"turns":4},{"damage":16,"enemies":"Blue Slaver","floor":11,"turns":3},{"damage":1,"enemies":"Looter","floor":13,"turns":3},{"damage":44,"enemies":"Hexaghost","floor":16,"turns":9},{"damage":0,"enemies":"Spheric Guardian","floor":18,"turns":3},{"damage":25,"enemies":"Shell Parasite","floor":21,"turns":4},{"damage":23,"enemies":"Slavers","floor":24,"turns":4},{"damage":0,"enemies":"Snake Plant","floor":25,"turns":2},{"damage":4,"enemies":"Cultist and Chosen","floor":27,"turns":4},{"damage":0,"enemies":"Gremlin Leader","floor":28,"turns":6},{"damage":10,"enemies":"Snecko","floor":29,"turns":3},{"damage":44,"enemies":"Book of Stabbing","floor":30,"turns":5}],"seed_played":"5168820509558010547","potions_obtained":[{"floor":1,"key":"GamblersBrew"},{"floor":6,"key":"Ancient Potion"},{"floor":16,"key":"BlessingOfTheForge"},{"floor":21,"key":"Explosive Potion"},{"floor":28,"key":"EssenceOfSteel"}],"is_trial":false,"path_per_floor":["M","M","$","M","?","E","R","E","T","R","M","?","M","?","R","B",null,"M","?","?","M","?","R","E","M","T","M","E","M","E"],"character_chosen":"DEFECT","items_purchased":["Steam"],"campfire_rested":4,"item_purchase_floors":[3],"current_hp_per_floor":[48,48,48,48,37,4,26,4,4,26,22,47,46,39,61,29,64,64,64,48,35,35,57,46,46,46,42,42,44,0],"gold":402,"neow_bonus":"TRANSFORM_TWO_CARDS","is_prod":false,"is_daily":false,"chose_seed":false,"campfire_upgraded":0,"win_rate":0,"timestamp":1671721362,"path_taken":["M","M","$","M","?","E","R","E","T","R","M","?","M","?","R","BOSS","M","?","?","M","?","R","E","M","T","M","E","M","E"],"build_version":"2022-12-18","purchased_purges":1,"victory":false,"max_hp_per_floor":[75,75,75,75,75,75,75,75,75,75,75,75,75,75,75,75,75,75,75,75,75,75,75,75,75,75,75,75,75,75],"card_choices":[{"not_picked":["Compile Driver","Coolheaded"],"picked":"Chaos","floor":1},{"not_picked":["Streamline","Barrage"],"picked":"Coolheaded","floor":2},{"not_picked":["Machine Learning","Cold Snap"],"picked":"Ball Lightning","floor":4},{"not_picked":["Barrage","Go for the Eyes"],"picked":"Streamline","floor":6},{"not_picked":["Redo","Reprogram"],"picked":"Sunder","floor":8},{"not_picked":["Hello World","Stack"],"picked":"Hologram","floor":11},{"not_picked":["Reboot","Rebound"],"picked":"Ball Lightning","floor":13},{"not_picked":["Buffer","Creative AI"],"picked":"Biased Cognition","floor":16},{"not_picked":["Sweeping Beam","Hello World"],"picked":"Redo","floor":18},{"not_picked":["Double Energy","Blizzard"],"picked":"Sweeping Beam+1","floor":21},{"not_picked":["Go for the Eyes","Redo"],"picked":"Turbo","floor":24},{"not_picked":["Rebound+1","Reprogram","Go for the Eyes"],"picked":"SKIP","floor":25},{"not_picked":["Coolheaded","Sweeping Beam","Doom and Gloom"],"picked":"SKIP","floor":27},{"not_picked":["Hologram","Reprogram"],"picked":"Conserve Battery+1","floor":28},{"not_picked":["Leap","Rebound"],"picked":"Hyperbeam","floor":29}],"player_experience":873578,"relics_obtained":[{"floor":6,"key":"Happy Flower"},{"floor":8,"key":"Meat on the Bone"},{"floor":9,"key":"MealTicket"},{"floor":20,"key":"Necronomicon"},{"floor":24,"key":"Akabeko"},{"floor":26,"key":"Eternal Feather"},{"floor":28,"key":"Mummified Hand"}],"event_choices":[{"damage_healed":0,"gold_gain":75,"player_choice":"Gather Gold","damage_taken":11,"max_hp_gain":0,"max_hp_loss":0,"event_name":"World of Goop","floor":5,"gold_loss":0},{"damage_healed":25,"gold_gain":0,"player_choice":"Banana","damage_taken":0,"max_hp_gain":0,"max_hp_loss":0,"event_name":"Big Fish","floor":12,"gold_loss":0},{"cards_removed":["Strike_B"],"damage_healed":0,"gold_gain":0,"player_choice":"Card Removal","damage_taken":7,"max_hp_gain":0,"max_hp_loss":0,"event_name":"Golden Wing","floor":14,"gold_loss":0},{"cards_removed":["Genetic Algorithm"],"damage_healed":0,"gold_gain":0,"player_choice":"Give","damage_taken":0,"max_hp_gain":0,"max_hp_loss":0,"event_name":"betterNote:BetterNote","floor":19,"gold_loss":0,"cards_obtained":["None"]},{"damage_healed":0,"gold_gain":0,"player_choice":"Obtained Book","damage_taken":16,"max_hp_gain":0,"max_hp_loss":0,"event_name":"Cursed Tome","floor":20,"gold_loss":0},{"damage_healed":0,"gold_gain":0,"player_choice":"Obtained Relic","damage_taken":0,"relics_obtained":["Juzu Bracelet"],"max_hp_gain":0,"max_hp_loss":0,"event_name":"Addict","floor":22,"gold_loss":85}],"is_beta":false,"boss_relics":[{"not_picked":["Runic Dome","Calling Bell"],"picked":"Philosopher\u0027s Stone"}],"items_purged_floors":[3],"is_endless":false,"potions_floor_spawned":[1,6,16,21,28],"killed_by":"Book of Stabbing","ascension_level":10}