{"gold_per_floor":[110,9,28,28,28,63,63,63,88,88,105,118,118,128,128,225,225,236,251,264,264,264],"floor_reached":22,"playtime":700,"items_purged":[],"score":279,"play_id":"d5dfbfba-3670-4e78-a7c6-32cd96146d93","local_time":"20221222182957","is_ascension_mode":true,"campfire_choices":[{"data":"Ball Lightning","floor":7,"key":"SMITH"},{"data":"Dualcast","floor":10,"key":"SMITH"},{"data":"Ball Lightning","floor":13,"key":"SMITH"},{"data":"Seek","floor":15,"key":"SMITH"}],"neow_cost":"NONE","seed_source_timestamp":540484062977300,"circlet_count":0,"master_deck":["AscendersBane","Strike_B","Strike_B","Strike_B","Defend_B","Defend_B","Defend_B","Defend_B","Zap+1","Dualcast+1","Gash","Ball Lightning+1","Cold Snap","Cold Snap","Cold Snap","Doubt","Shame","Ball Lightning+1","Glacier","Seek+1","Buffer","Gash","Gash","Compile Driver+1"],"relics":["Cursed Key","Ancient Tea Set","Vajra","Bag of Marbles","Sozu"],"potions_floor_usage":[6],"damage_taken":[{"damage":3,"enemies":"Small Slimes","floor":1,"turns":3},{"damage":2,"enemies":"Jaw Worm","floor":3,"turns":2},{"damage":15,"enemies":"Gremlin Nob","floor":6,"turns":4},{"damage":0,"enemies":"2 Louse","floor":11,"turns":1},{"damage":0,"enemies":"Large Slime","floor":12,"turns":3},{"damage":3,"enemies":"Blue Slaver","floor":14,"turns":2},{"damage":11,"enemies":"Slime Boss","floor":16,"turns":11},{"damage":0,"enemies":"Spheric Guardian","floor":18,"turns":4},{"damage":10,"enemies":"Chosen","floor":19,"turns":3},{"damage":30,"enemies":"Snake Plant","floor":20,"turns":5},{"damage":32,"enemies":"Shelled Parasite and Fungi","floor":22,"turns":2}],"seed_played":"-890227121182088450","potions_obtained":[{"floor":1,"key":"SkillPotion"},{"floor":3,"key":"Energy Potion"},{"floor":16,"key":"GamblersBrew"}],"is_trial":false,"path_per_floor":["M","$","M","?","$","E","R","T","T","R","M","M","R","M","R","B",null,"M","M","M","?","M"],"character_chosen":"DEFECT","items_purchased":["Ball Lightning","Cold Snap"],"campfire_rested":0,"item_purchase_floors":[2,2],"current_hp_per_floor":[65,65,63,63,63,48,48,48,48,48,48,48,48,45,45,34,65,65,55,25,25,0],"gold":264,"neow_bonus":"BOSS_RELIC","is_prod":false,"is_daily":false,"chose_seed":false,"campfire_upgraded":4,"win_rate":0,"timestamp":1671751797,"path_taken":["M","$","M","?","$","E","R","?","T","R","M","M","R","M","R","BOSS","M","M","M","?","M"],"build_version":"2022-12-18","purchased_purges":0,"victory":false,"max_hp_per_floor":[75,75,75,75,75,75,75,75,75,75,75,75,75,75,75,75,75,75,75,75,75,75],"card_choices":[{"not_picked":["Reinforced Body","Cold Snap"],"picked":"Gash","floor":1},{"not_picked":["Storm","Static Discharge"],"picked":"Cold Snap","floor":3},{"not_picked":["Go for the Eyes","Coolheaded"],"picked":"Cold Snap","floor":6},{"not_picked":["Rip and Tear","Stack"],"picked":"Ball Lightning","floor":11},{"not_picked":["Rebound","Redo"],"picked":"Glacier","floor":12},{"not_picked":["Consume","Force Field"],"picked":"Seek","floor":14},{"not_picked":["Reboot","Seek"],"picked":"Buffer","floor":16},{"not_picked":["Streamline","Go for the Eyes"],"picked":"Gash","floor":18},{"not_picked":["Beam Cell+1","Steam Power"],"picked":"Gash","floor":19},{"not_picked":["Genetic Algorithm","Coolheaded"],"picked":"Compile Driver+1","floor":20}],"player_experience":876451,"relics_obtained":[{"floor":6,"key":"Ancient Tea Set"},{"floor":8,"key":"Vajra"},{"floor":9,"key":"Bag of Marbles"}],"event_choices":[{"damage_healed":0,"gold_gain":0,"player_choice":"Grow","damage_taken":0,"max_hp_gain":0,"max_hp_loss":0,"event_name":"Living Wall","floor":4,"gold_loss":0,"cards_upgraded":["Zap"]},{"cards_removed":["Strike_B"],"damage_healed":0,"gold_gain":0,"player_choice":"Offered Basic","damage_taken":0,"max_hp_gain":0,"max_hp_loss":0,"event_name":"Bonfire Elementals","floor":21,"gold_loss":0}],"is_beta":false,"boss_relics":[{"not_picked":["Pandora\u0027s Box","Coffee Dripper"],"picked":"Sozu"}],"items_purged_floors":[],"is_endless":false,"potions_floor_spawned":[1,3,16,20],"killed_by":"Shelled Parasite and Fungi","ascension_level":10}