{"gold_per_floor":[113,129,129,1,17,17,45,45,45,58,68,25,79,79],"floor_reached":14,"playtime":363,"items_purged":["Defend_B"],"score":180,"play_id":"14bef4e2-d016-4ca5-8f2e-0cada71b3838","local_time":"20221214192537","is_ascension_mode":true,"campfire_choices":[{"data":"Zap","floor":6,"key":"SMITH"}],"neow_cost":"NONE","seed_source_timestamp":61313984204400,"circlet_count":0,"master_deck":["AscendersBane","Strike_B","Strike_B","Defend_B","Defend_B","Defend_B","Zap+1","Dualcast","FTL","Leap","Beam Cell","Streamline","Undo","Coolheaded","Chill"],"relics":["Empty Cage","Calipers","Mercury Hourglass","Blood Vial"],"potions_floor_usage":[5,7,11],"damage_taken":[{"damage":9,"enemies":"Small Slimes","floor":1,"turns":5},{"damage":12,"enemies":"Jaw Worm","floor":2,"turns":8},{"damage":6,"enemies":"2 Louse","floor":5,"turns":3},{"damage":25,"enemies":"Lagavulin","floor":7,"turns":6},{"damage":0,"enemies":"Looter","floor":10,"turns":2},{"damage":0,"enemies":"Blue Slaver","floor":11,"turns":4},{"damage":9,"enemies":"Exordium Wildlife","floor":14,"turns":2}],"seed_played":"6673333001858201523","potions_obtained":[{"floor":1,"key":"Explosive Potion"},{"floor":5,"key":"Swift Potion"},{"floor":10,"key":"EssenceOfSteel"}],"is_trial":false,"path_per_floor":["M","M","?","$","M","R","E","?","T","M","M","$","T","M"],"character_chosen":"DEFECT","items_purchased":["Leap","Chill"],"campfire_rested":0,"item_purchase_floors":[4,12],"current_hp_per_floor":[55,43,36,36,30,30,5,5,5,5,5,5,5,0],"gold":79,"neow_bonus":"BOSS_RELIC","is_prod":false,"is_daily":false,"chose_seed":false,"campfire_upgraded":1,"win_rate":0,"timestamp":1671063937,"path_taken":["M","M","?","$","M","R","E","?","T","M","M","$","?","M"],"build_version":"2022-12-01","purchased_purges":1,"victory":false,"max_hp_per_floor":[71,71,71,71,71,71,71,71,71,71,71,71,71,71],"card_choices":[{"not_picked":["Force Field","Redo"],"picked":"Reprogram","floor":1},{"not_picked":["Beam Cell","Hello World"],"picked":"FTL","floor":2},{"not_picked":["Conserve Battery","Reprogram"],"picked":"Beam Cell","floor":5},{"not_picked":["Hello World","Beam Cell"],"picked":"Streamline","floor":7},{"not_picked":["Beam Cell","Rebound"],"picked":"Undo","floor":10},{"not_picked":["Compile Driver","Steam Power"],"picked":"Coolheaded","floor":11}],"player_experience":1357593,"relics_obtained":[{"floor":7,"key":"Calipers"},{"floor":9,"key":"Mercury Hourglass"},{"floor":13,"key":"Blood Vial"}],"event_choices":[{"cards_removed":["Reprogram"],"damage_healed":0,"gold_gain":0,"player_choice":"Card Removal","damage_taken":7,"max_hp_gain":0,"max_hp_loss":0,"event_name":"Golden Wing","floor":3,"gold_loss":0},{"damage_healed":0,"gold_gain":0,"player_choice":"Fled","damage_taken":0,"max_hp_gain":0,"max_hp_loss":0,"event_name":"Scrap Ooze","floor":8,"gold_loss":0}],"is_beta":false,"boss_relics":[],"items_purged_floors":[4],"is_endless":false,"potions_floor_spawned":[1,5,10],"killed_by":"Exordium Wildlife","ascension_level":20}