{"gold_per_floor":[117,136,153,153,170,170,201,214,286,311,323,348,348,363,363,464,464,478,478,12,12,22,22,48,67,90,115,131,131,156,156],"floor_reached":31,"playtime":2526,"items_purged":["Strike_B"],"score":446,"play_id":"eab6d263-b524-43a6-8723-690601e400fd","local_time":"20221222193558","is_ascension_mode":true,"campfire_choices":[{"data":"Seek","floor":6,"key":"SMITH"},{"floor":13,"key":"REST"},{"floor":15,"key":"REST"},{"data":"Zap","floor":23,"key":"SMITH"}],"neow_cost":"NONE","seed_source_timestamp":542596404758000,"circlet_count":0,"master_deck":["AscendersBane","Strike_B","Strike_B","Defend_B","Defend_B","Defend_B","Zap+1","Dualcast","Compile Driver","Glacier","Rip and Tear","Seek+1","Sweeping Beam","FTL","Coolheaded","White Noise","Melter","Self Repair","Rainbow","Blizzard+1","Dash+1","All For One","Steam","Cold Snap","Stack","Barrage","Fission"],"relics":["Cracked Core","StoneCalendar","InkBottle","Ginger","Orichalcum","Nuclear Battery","Mummified Hand","HandDrill","Cables","Pen Nib","Red Mask","Art of War"],"potions_floor_usage":[7,7,7,8,10,11,12,16,16,24,24,29],"damage_taken":[{"damage":2,"enemies":"Jaw Worm","floor":1,"turns":3},{"damage":0,"enemies":"Cultist","floor":2,"turns":4},{"damage":0,"enemies":"2 Louse","floor":3,"turns":2},{"damage":7,"enemies":"Looter","floor":5,"turns":3},{"damage":37,"enemies":"3 Sentries","floor":7,"turns":7},{"damage":6,"enemies":"2 Fungi Beasts","floor":8,"turns":2},{"damage":12,"enemies":"Gremlin Nob","floor":10,"turns":3},{"damage":3,"enemies":"Exordium Thugs","floor":11,"turns":4},{"damage":8,"enemies":"3 Sentries","floor":12,"turns":6},{"damage":10,"enemies":"Exordium Wildlife","floor":14,"turns":5},{"damage":9,"enemies":"The Guardian","floor":16,"turns":14},{"damage":11,"enemies":"Shell Parasite","floor":18,"turns":4},{"damage":0,"enemies":"Spheric Guardian","floor":22,"turns":1},{"damage":18,"enemies":"Slavers","floor":24,"turns":3},{"damage":9,"enemies":"Centurion and Healer","floor":25,"turns":7},{"damage":13,"enemies":"Masked Bandits","floor":27,"turns":4},{"damage":0,"enemies":"Chosen and Byrds","floor":28,"turns":5},{"damage":20,"enemies":"Gremlin Leader","floor":29,"turns":6},{"damage":29,"enemies":"Slavers","floor":31,"turns":2}],"seed_played":"8755900090796584962","potions_obtained":[{"floor":0,"key":"Regen Potion"},{"floor":0,"key":"Swift Potion"},{"floor":0,"key":"BlessingOfTheForge"},{"floor":7,"key":"FearPotion"},{"floor":8,"key":"SteroidPotion"},{"floor":10,"key":"DistilledChaos"},{"floor":11,"key":"Dexterity Potion"},{"floor":12,"key":"Weak Potion"},{"floor":14,"key":"Block Potion"},{"floor":16,"key":"Explosive Potion"},{"floor":18,"key":"Fire Potion"},{"floor":25,"key":"SmokeBomb"}],"is_trial":false,"path_per_floor":["M","M","M","?","M","R","E","M","T","E","M","E","R","M","R","B",null,"M","?","$","?","M","R","E","M","T","?","M","E","T","E"],"character_chosen":"DEFECT","items_purchased":["Mummified Hand","HandDrill"],"campfire_rested":2,"item_purchase_floors":[20,20],"current_hp_per_floor":[66,66,66,71,64,64,42,36,36,24,21,13,37,27,51,42,71,60,60,60,60,60,60,42,40,40,34,41,28,28,0],"gold":156,"neow_bonus":"THREE_SMALL_POTIONS","is_prod":false,"is_daily":false,"chose_seed":false,"campfire_upgraded":2,"win_rate":0,"timestamp":1671755758,"path_taken":["M","M","M","?","M","R","E","M","T","E","M","E","R","M","R","BOSS","M","?","$","?","M","R","E","M","T","?","M","E","?","E"],"build_version":"2022-12-18","purchased_purges":1,"victory":false,"max_hp_per_floor":[75,75,75,80,80,80,80,80,80,80,80,80,80,80,80,80,80,80,80,80,80,80,80,80,80,80,80,80,80,80,80],"card_choices":[{"not_picked":["Ball Lightning","Hello World"],"picked":"Compile Driver","floor":1},{"not_picked":["Lockon","Beam Cell"],"picked":"Glacier","floor":2},{"not_picked":["Lockon","Storm"],"picked":"Rip and Tear","floor":3},{"not_picked":["Barrage","Lockon"],"picked":"Seek","floor":5},{"not_picked":["Rebound","Self Repair"],"picked":"Sweeping Beam","floor":7},{"not_picked":["Consume","Barrage"],"picked":"FTL","floor":8},{"not_picked":["Turbo","BootSequence"],"picked":"Coolheaded","floor":10},{"not_picked":["Coolheaded","Conserve Battery"],"picked":"White Noise","floor":11},{"not_picked":["Rebound","Amplify"],"picked":"Melter","floor":12},{"not_picked":["Conserve Battery","Skim"],"picked":"Self Repair","floor":14},{"not_picked":["Thunder Strike","Creative AI"],"picked":"Rainbow","floor":16},{"not_picked":["Beam Cell","Recycle"],"picked":"Blizzard+1","floor":18},{"not_picked":["Sunder","Compile Driver"],"picked":"Cold Snap","floor":22},{"not_picked":["Gash+1","Auto Shields"],"picked":"Stack","floor":24},{"not_picked":["Redo","Streamline"],"picked":"Barrage","floor":25},{"not_picked":["Gash","Barrage+1"],"picked":"Fission","floor":28}],"player_experience":878449,"relics_obtained":[{"floor":7,"key":"StoneCalendar"},{"floor":9,"key":"InkBottle"},{"floor":10,"key":"Ginger"},{"floor":12,"key":"Orichalcum"},{"floor":24,"key":"Cables"},{"floor":26,"key":"Pen Nib"},{"floor":27,"key":"Red Mask"},{"floor":30,"key":"Art of War"}],"event_choices":[{"damage_healed":0,"gold_gain":0,"player_choice":"Donut","damage_taken":0,"max_hp_gain":5,"max_hp_loss":0,"event_name":"Big Fish","floor":4,"gold_loss":0},{"cards_removed":["Seek"],"damage_healed":0,"gold_gain":0,"player_choice":"Take \u0026 Give","damage_taken":0,"max_hp_gain":0,"max_hp_loss":0,"event_name":"betterNote:BetterNote","floor":19,"gold_loss":0,"cards_obtained":["Dash"]},{"damage_healed":0,"gold_gain":0,"cards_transformed":["Strike_B","Defend_B"],"player_choice":"Became Test Subject","damage_taken":0,"max_hp_gain":0,"max_hp_loss":0,"event_name":"Drug Dealer","floor":21,"gold_loss":0,"cards_obtained":["All For One","Steam"]},{"damage_healed":0,"gold_gain":0,"player_choice":"Fought Bandits","damage_taken":0,"max_hp_gain":0,"max_hp_loss":0,"event_name":"Masked Bandits","floor":27,"gold_loss":0}],"is_beta":false,"boss_relics":[{"not_picked":["Snecko Eye","Calling Bell"],"picked":"Nuclear Battery"}],"items_purged_floors":[20],"is_endless":false,"potions_floor_spawned":[7,8,10,11,12,14,16,18,25,29],"killed_by":"Slavers","ascension_level":10}