{"gold_per_floor":[113,130,130,146,157,157,192,192],"floor_reached":8,"playtime":302,"items_purged":["Strike_B"],"score":87,"play_id":"cb6abc94-ebee-46e8-9ae4-5f8b11b50c85","local_time":"20221228093548","is_ascension_mode":true,"campfire_choices":[{"data":"Defragment","floor":6,"key":"SMITH"}],"neow_cost":"","seed_source_timestamp":1027246268838800,"circlet_count":0,"master_deck":["AscendersBane","Strike_B","Strike_B","Strike_B","Defend_B","Defend_B","Defend_B","Defend_B","Zap","Dualcast","Defragment+1","Redo","Ball Lightning","Sweeping Beam","Leap","Capacitor"],"relics":["Cracked Core","moreChoices:MoreCardChoices","Singing Bowl","Mummified Hand"],"potions_floor_usage":[7,8],"damage_taken":[{"damage":8,"enemies":"Jaw Worm","floor":1,"turns":4},{"damage":17,"enemies":"Small Slimes","floor":2,"turns":4},{"damage":1,"enemies":"Cultist","floor":4,"turns":3},{"damage":7,"enemies":"Exordium Wildlife","floor":5,"turns":4},{"damage":16,"enemies":"Lagavulin","floor":7,"turns":6},{"damage":13,"enemies":"Blue Slaver","floor":8,"turns":2}],"seed_played":"-7781757608958484888","potions_obtained":[{"floor":2,"key":"SteroidPotion"},{"floor":5,"key":"LiquidBronze"}],"is_trial":false,"path_per_floor":["M","M","?","M","M","R","E","M"],"character_chosen":"DEFECT","items_purchased":["Singing Bowl","Defragment"],"campfire_rested":0,"item_purchase_floors":[0,0],"current_hp_per_floor":[45,28,28,27,20,20,4,0],"gold":192,"neow_bonus":"","is_prod":false,"is_daily":false,"chose_seed":false,"campfire_upgraded":1,"win_rate":0,"timestamp":1672238148,"path_taken":["M","M","?","M","M","R","E","M"],"build_version":"2022-12-18","purchased_purges":1,"victory":false,"max_hp_per_floor":[75,75,75,75,75,75,75,75],"card_choices":[{"not_picked":["Beam Cell","Rebound","Lockon","Hologram"],"picked":"Redo","floor":1},{"not_picked":["Steam","Coolheaded","Barrage","Rebound"],"picked":"Ball Lightning","floor":2},{"not_picked":["Heatsinks","Rebound","Scrape","Turbo"],"picked":"Sweeping Beam","floor":4},{"not_picked":["Go for the Eyes","Sweeping Beam","All For One","Hologram"],"picked":"Leap","floor":5},{"not_picked":["Conserve Battery","Genetic Algorithm","Aggregate","Go for the Eyes"],"picked":"Capacitor","floor":7}],"player_experience":1153986,"relics_obtained":[{"floor":7,"key":"Mummified Hand"}],"event_choices":[{"damage_healed":0,"gold_gain":0,"player_choice":"Ignored","damage_taken":0,"max_hp_gain":0,"max_hp_loss":0,"event_name":"Liars Game","floor":3,"gold_loss":0}],"is_beta":false,"boss_relics":[],"items_purged_floors":[0],"is_endless":false,"potions_floor_spawned":[2,5],"killed_by":"Blue Slaver","ascension_level":10}