{"gold_per_floor":[119,119,137,151,167,167,92,118,143,143,161,161],"floor_reached":12,"playtime":374,"items_purged":["Strike_B"],"score":160,"play_id":"ad2c9e87-ed5e-4e84-9246-ff48b01eea2b","local_time":"20230103210507","is_ascension_mode":true,"campfire_choices":[{"data":"Apotheosis","floor":6,"key":"SMITH"}],"neow_cost":"","seed_source_timestamp":192806848618600,"circlet_count":0,"master_deck":["AscendersBane","Defend_B","Defend_B","Defend_B","Defend_B","Zap","Dualcast","Apotheosis+1","Sweeping Beam","Self Repair","Doom and Gloom","Genetic Algorithm","Coolheaded","Leap","Turbo","Redo"],"relics":["Cracked Core","moreChoices:MoreCardChoices","Blood Vial","Pen Nib"],"potions_floor_usage":[8,12],"damage_taken":[{"damage":4,"enemies":"Jaw Worm","floor":1,"turns":4},{"damage":12,"enemies":"Cultist","floor":3,"turns":4},{"damage":4,"enemies":"2 Louse","floor":4,"turns":2},{"damage":13,"enemies":"Exordium Wildlife","floor":5,"turns":3},{"damage":2,"enemies":"Lagavulin","floor":8,"turns":8},{"damage":15,"enemies":"Large Slime","floor":11,"turns":4},{"damage":65,"enemies":"Gremlin Gang","floor":12,"turns":4}],"seed_played":"4352536253119402072","potions_obtained":[{"floor":3,"key":"DuplicationPotion"},{"floor":8,"key":"Block Potion"},{"floor":11,"key":"PotionOfCapacity"}],"is_trial":false,"path_per_floor":["M","?","M","M","M","R","?","E","T","?","M","M"],"character_chosen":"DEFECT","items_purchased":["Apotheosis","Sweeping Beam","Self Repair"],"campfire_rested":0,"item_purchase_floors":[0,0,0],"current_hp_per_floor":[56,56,54,60,47,47,47,65,65,58,52,0],"gold":161,"neow_bonus":"","is_prod":false,"is_daily":false,"chose_seed":false,"campfire_upgraded":1,"win_rate":0,"timestamp":1672797907,"path_taken":["M","?","M","?","M","R","?","E","T","?","M","M"],"build_version":"2022-12-18","purchased_purges":1,"victory":false,"max_hp_per_floor":[71,71,71,71,71,71,71,71,71,71,71,71],"card_choices":[{"not_picked":["Glacier","Steam","Rebound","Redo"],"picked":"Doom and Gloom","floor":1},{"not_picked":["Aggregate","Go for the Eyes","Lockon","Sweeping Beam"],"picked":"Genetic Algorithm","floor":3},{"not_picked":["Streamline","Stack","Cold Snap","Amplify"],"picked":"Coolheaded","floor":4},{"not_picked":["FTL","Beam Cell","Ball Lightning","Streamline"],"picked":"Leap","floor":5},{"not_picked":["Recycle","Lockon","Stack","Sweeping Beam"],"picked":"Turbo","floor":8},{"not_picked":["Consume","Lockon","Rebound","Coolheaded"],"picked":"Redo","floor":11}],"player_experience":971138,"relics_obtained":[{"floor":8,"key":"Blood Vial"},{"floor":9,"key":"Pen Nib"}],"event_choices":[{"cards_removed":["Strike_B"],"damage_healed":0,"gold_gain":0,"player_choice":"Purged","damage_taken":0,"max_hp_gain":0,"max_hp_loss":0,"event_name":"Purifier","floor":2,"gold_loss":0},{"cards_removed":["Strike_B"],"damage_healed":0,"gold_gain":0,"player_choice":"Card Removal","damage_taken":0,"max_hp_gain":0,"max_hp_loss":0,"event_name":"The Cleric","floor":7,"gold_loss":75},{"cards_removed":["Strike_B"],"damage_healed":0,"gold_gain":0,"player_choice":"Card Removal","damage_taken":7,"max_hp_gain":0,"max_hp_loss":0,"event_name":"Golden Wing","floor":10,"gold_loss":0}],"is_beta":false,"boss_relics":[],"items_purged_floors":[0],"is_endless":false,"potions_floor_spawned":[3,8,11],"killed_by":"Gremlin Gang","ascension_level":20}