{"gold_per_floor":[112,123,141,156,256,256,274,48,75,75,90,90,109,135,135,240,240,250,263],"floor_reached":19,"playtime":753,"items_purged":[],"score":173,"play_id":"cafa5b28-a53e-4d84-a561-a9cbe07b31ad","local_time":"20230108214251","is_ascension_mode":false,"campfire_choices":[{"data":"bad_defect:overflow","floor":6.0,"key":"SMITH"},{"data":"bad_defect:coroutine","floor":10.0,"key":"SMITH"},{"floor":15.0,"key":"REST"}],"neow_cost":"NONE","seed_source_timestamp":0,"circlet_count":0,"master_deck":["Strike_B","Strike_B","Strike_B","Strike_B","Defend_B","Defend_B","Defend_B","Defend_B","Zap+1","Dualcast","Consume","bad_defect:overflow+1","bad_defect:reflect","bad_defect:condensation","bad_defect:allocate","bad_spire:inspiration","bad_defect:coroutine+1","bad_defect:reprieve","Undo","bad_spire:die","bad_defect:precompile","Rainbow","Fiend Fire","Exhume","bad_defect:confuse","PanicButton","Backflip"],"special_seed":0,"relics":["Cracked Core","moreChoices:MoreCardChoices","NeowsBlessing","Nunchaku","Bag of Preparation","bad_spire:prism","PrismaticShard"],"potions_floor_usage":[],"damage_taken":[{"damage":0.0,"enemies":"2 Louse","floor":1.0,"turns":1.0},{"damage":0.0,"enemies":"Cultist","floor":2.0,"turns":1.0},{"damage":0.0,"enemies":"Small Slimes","floor":3.0,"turns":1.0},{"damage":20.0,"enemies":"Exordium Thugs","floor":4.0,"turns":3.0},{"damage":0.0,"enemies":"Exordium Wildlife","floor":7.0,"turns":2.0},{"damage":14.0,"enemies":"2 Fungi Beasts","floor":11.0,"turns":4.0},{"damage":36.0,"enemies":"Red Slaver","floor":13.0,"turns":3.0},{"damage":27.0,"enemies":"Gremlin Nob","floor":14.0,"turns":4.0},{"damage":8.0,"enemies":"Slime Boss","floor":16.0,"turns":5.0},{"damage":0.0,"enemies":"3 Byrds","floor":18.0,"turns":4.0},{"damage":2,"enemies":"Shell Parasite","floor":19,"turns":3}],"seed_played":"-6959585559722418708","potions_obtained":[{"floor":3.0,"key":"SkillPotion"},{"floor":4.0,"key":"FairyPotion"},{"floor":11.0,"key":"Energy Potion"},{"floor":18,"key":"SpeedPotion"},{"floor":19,"key":"DistilledChaos"}],"is_trial":false,"path_per_floor":["M","M","M","M","?","R","M","$","T","R","M","?","M","E","R","B",null,"M","M"],"character_chosen":"DEFECT","items_purchased":["bad_defect:coroutine","bad_defect:reprieve"],"campfire_rested":1,"item_purchase_floors":[8,8],"current_hp_per_floor":[75,75,75,55,55,55,55,55,55,55,41,41,5,22,44,36,75,75,73],"gold":263,"neow_bonus":"THREE_ENEMY_KILL","is_prod":false,"is_daily":false,"chose_seed":false,"campfire_upgraded":2,"win_rate":0,"timestamp":1673232171,"path_taken":["M","M","M","M","?","R","M","$","T","R","?","?","M","E","R","BOSS","M","M"],"build_version":"2022-12-18","purchased_purges":0,"victory":false,"max_hp_per_floor":[75,75,75,75,75,75,75,75,75,75,75,75,75,75,75,75,75,75,75],"card_choices":[{"not_picked":["Steam","Compile Driver","Sweeping Beam","Rebound"],"picked":"Consume","floor":1.0},{"not_picked":["Echo Form","Skim","Sweeping Beam","bad_defect:reflect"],"picked":"bad_defect:overflow","floor":2.0},{"not_picked":["Blizzard","Redo","Stack","Rebound"],"picked":"bad_defect:reflect","floor":3.0},{"not_picked":["Gash","Force Field","bad_defect:condensation","Streamline","Barrage"],"picked":"SKIP","floor":4.0},{"not_picked":["Gash","Force Field","Streamline","Barrage"],"picked":"bad_defect:condensation","floor":4.0},{"not_picked":["bad_defect:heap","Redo","Tempest","bad_defect:decompression"],"picked":"bad_defect:allocate","floor":7.0},{"not_picked":["bad_spire:tickbox","bad_spire:slots","Good Instincts","bad_spire:inspiration","bad_spire:spring"],"picked":"SKIP","floor":7.0},{"not_picked":["bad_spire:tickbox","bad_spire:slots","Good Instincts","bad_spire:spring"],"picked":"bad_spire:inspiration","floor":7.0},{"not_picked":["Hello World","bad_defect:await","bad_defect:reflect","Leap"],"picked":"Undo","floor":11.0},{"not_picked":["Swift Strike","Flash of Steel","bad_spire:lens","Discovery"],"picked":"bad_spire:die","floor":11.0},{"not_picked":["Hologram","Steam Power","Double Energy","bad_defect:decompression","bad_defect:firewall"],"picked":"SKIP","floor":13.0},{"not_picked":["Hologram","Gash","Darkness","Tempest"],"picked":"bad_defect:precompile","floor":14.0},{"not_picked":["Echo Form","bad_defect:template","Machine Learning","bad_defect:autocomplete"],"picked":"Rainbow","floor":16.0},{"not_picked":["Infernal Blade","Sweeping Beam","Dagger Spray","Capacitor","bad_ironclad:TargetPractice+1"],"picked":"SKIP","floor":18}],"player_experience":987712,"relics_obtained":[{"floor":9.0,"key":"Nunchaku"},{"floor":14.0,"key":"Bag of Preparation"}],"event_choices":[{"damage_healed":0.0,"max_hp_gain":0.0,"max_hp_loss":0.0,"gold_gain":100.0,"event_name":"Golden Shrine","player_choice":"Pray","floor":5.0,"gold_loss":0.0,"damage_taken":0.0},{"damage_healed":0.0,"max_hp_gain":0.0,"max_hp_loss":0.0,"gold_gain":0.0,"event_name":"Living Wall","player_choice":"Grow","floor":12.0,"gold_loss":0.0,"damage_taken":0.0,"cards_upgraded":["Zap"]}],"is_beta":false,"boss_relics":[{"not_picked":["Coffee Dripper","SlaversCollar"],"picked":"bad_spire:prism"}],"items_purged_floors":[],"is_endless":false,"potions_floor_spawned":[3,4,11,18,19],"killed_by":"Shell Parasite","ascension_level":0}