{"gold_per_floor":[112,129,61,73,90,90,100,100,100,175,191,219,229,242,242,342,342,357,374,390,114,127,127,127,86,111,139,159,171,81,112,112,212,212,227,237,34,46,58,58,73,104,104,104,454,464,464,464],"floor_reached":48,"playtime":2671,"items_purged":["ICR:ProbingStrike","ICR:AutoDefend","ICR:ProbingStrike"],"score":610,"play_id":"1187ed23-fcf1-467d-bb58-93a8f8144ecb","local_time":"20230116202538","is_ascension_mode":false,"campfire_choices":[{"data":"Gash","floor":6,"key":"SMITH"},{"data":"ICR:AutoDefend","floor":8,"key":"SMITH"},{"data":"Defragment","floor":15,"key":"SMITH"},{"data":"Zap","floor":23,"key":"SMITH"},{"data":"Blizzard","floor":32,"key":"SMITH"},{"data":"Biased Cognition","floor":40,"key":"SMITH"},{"data":"ICR:Cyclone","floor":44,"key":"SMITH"}],"neow_cost":"NONE","seed_source_timestamp":72632579822700,"circlet_count":0,"master_deck":["Zap+1","Dualcast","ICR:ProbingStrike","ICR:ProbingStrike","ICR:AutoDefend+1","ICR:AutoDefend","Leap","Gash+1","Static Discharge","Ball Lightning","Ball Lightning","Gash","Hologram","Thunder Strike","Sweeping Beam","Defragment+1","Biased Cognition+1","ICR:FrostFall+1","Gash","Undo","Skim","Blizzard+1","Recycle+1","Electrodynamics","Hologram+1","Turbo","Parasite","ICR:Cyclone+1","Hologram+1"],"relics":["Cracked Core","Torii","Lizard Tail","Coffee Dripper","Chemical X","Smiling Mask","CaptainsWheel","Bag of Marbles","Inserter","ClockworkSouvenir","Omamori","Thread and Needle","Old Coin"],"potions_floor_usage":[12,12,16,19,33,33,38,45,48],"damage_taken":[{"damage":0,"enemies":"Jaw Worm","floor":1,"turns":3},{"damage":1,"enemies":"Cultist","floor":2,"turns":4},{"damage":1,"enemies":"2 Louse","floor":4,"turns":3},{"damage":7,"enemies":"Large Slime","floor":5,"turns":5},{"damage":13,"enemies":"3 Louse","floor":7,"turns":3},{"damage":4,"enemies":"Gremlin Gang","floor":11,"turns":4},{"damage":14,"enemies":"Gremlin Nob","floor":12,"turns":3},{"damage":0,"enemies":"Looter","floor":13,"turns":3},{"damage":1,"enemies":"Exordium Wildlife","floor":14,"turns":3},{"damage":13,"enemies":"The Guardian","floor":16,"turns":6},{"damage":1,"enemies":"Chosen","floor":18,"turns":3},{"damage":5,"enemies":"3 Byrds","floor":19,"turns":3},{"damage":7,"enemies":"Cultist and Chosen","floor":20,"turns":8},{"damage":2,"enemies":"Chosen and Byrds","floor":22,"turns":6},{"damage":0,"enemies":"Book of Stabbing","floor":27,"turns":5},{"damage":1,"enemies":"Centurion and Healer","floor":28,"turns":9},{"damage":6,"enemies":"Snecko","floor":29,"turns":5},{"damage":7,"enemies":"Gremlin Leader","floor":31,"turns":8},{"damage":13,"enemies":"Collector","floor":33,"turns":9},{"damage":10,"enemies":"3 Shapes","floor":35,"turns":3},{"damage":32,"enemies":"3 Darklings","floor":36,"turns":4},{"damage":10,"enemies":"Jaw Worm Horde","floor":38,"turns":3},{"damage":20,"enemies":"Writhing Mass","floor":39,"turns":4},{"damage":17,"enemies":"3 Darklings","floor":41,"turns":5},{"damage":0,"enemies":"Giant Head","floor":42,"turns":10},{"damage":26,"enemies":"2 Orb Walkers","floor":45,"turns":4},{"damage":1,"enemies":"Sphere and 2 Shapes","floor":46,"turns":5},{"damage":9,"enemies":"Writhing Mass","floor":48,"turns":4}],"seed_played":"2168359042788103803","potions_obtained":[{"floor":5,"key":"FocusPotion"},{"floor":11,"key":"Explosive Potion"},{"floor":12,"key":"EssenceOfDarkness"},{"floor":13,"key":"DuplicationPotion"},{"floor":27,"key":"BlessingOfTheForge"},{"floor":29,"key":"Fire Potion"},{"floor":31,"key":"Swift Potion"},{"floor":39,"key":"FocusPotion"},{"floor":42,"key":"Dexterity Potion"},{"floor":46,"key":"FocusPotion"}],"is_trial":false,"path_per_floor":["M","M","$","M","M","R","M","R","T","?","M","E","M","M","R","B",null,"M","M","M","$","M","R","?","$","T","E","M","M","$","E","R","B",null,"M","M","$","M","M","R","M","E","T","R","?","M","?","M"],"character_chosen":"DEFECT","items_purchased":["Static Discharge","Gash","Chemical X","Skim","Blizzard","ClockworkSouvenir"],"campfire_rested":0,"item_purchase_floors":[3,21,21,25,30,37],"current_hp_per_floor":[75,74,74,73,66,66,53,53,53,46,42,28,28,27,27,14,75,74,69,62,62,60,60,60,60,60,60,59,53,53,46,46,33,75,65,33,33,23,3,3,30,30,30,30,4,3,3,0],"gold":464,"neow_bonus":"DEFECT_WARDEN","is_prod":false,"is_daily":false,"chose_seed":false,"campfire_upgraded":7,"win_rate":0,"timestamp":1673918738,"path_taken":["M","M","$","M","M","R","M","R","T","?","?","E","M","M","R","BOSS","M","M","M","$","M","R","?","$","T","E","?","?","$","E","R","BOSS","M","M","$","M","M","R","M","E","T","R","?","M","?","M"],"build_version":"2022-12-18","purchased_purges":3,"victory":false,"max_hp_per_floor":[75,75,75,75,75,75,75,75,75,75,75,75,75,75,75,75,75,75,75,75,75,75,75,75,75,75,75,75,75,75,75,75,75,75,75,75,75,75,75,75,75,75,75,75,75,75,75,75],"card_choices":[{"not_picked":["Compile Driver","Steam"],"picked":"Leap","floor":1},{"not_picked":["Genetic Algorithm","Rebound"],"picked":"Gash","floor":2},{"not_picked":["Stack","Coolheaded"],"picked":"Ball Lightning","floor":4},{"not_picked":["Cold Snap","Barrage"],"picked":"Ball Lightning","floor":5},{"not_picked":["Hologram","Streamline"],"picked":"Gash","floor":7},{"not_picked":["Compile Driver","Scrape"],"picked":"Hologram","floor":11},{"not_picked":["Sweeping Beam","Self Repair"],"picked":"Thunder Strike","floor":12},{"not_picked":["Compile Driver","Storm"],"picked":"Sweeping Beam","floor":13},{"not_picked":["Cold Snap","FTL"],"picked":"Defragment","floor":14},{"not_picked":["Hyperbeam","All For One"],"picked":"Biased Cognition","floor":16},{"not_picked":["Streamline+1","Blizzard","Storm"],"picked":"SKIP","floor":18},{"not_picked":["Hello World","Go for the Eyes"],"picked":"ICR:FrostFall+1","floor":19},{"not_picked":["Beam Cell+1","Leap","Redo"],"picked":"SKIP","floor":20},{"not_picked":["Compile Driver","Doom and Gloom"],"picked":"Undo","floor":22},{"not_picked":["Leap","Cold Snap","Rip and Tear"],"picked":"SKIP","floor":27},{"not_picked":["Sweeping Beam","Beam Cell","FTL"],"picked":"SKIP","floor":28},{"not_picked":["Sweeping Beam+1","Go for the Eyes+1","Stack+1"],"picked":"SKIP","floor":29},{"not_picked":["Rebound+1","Steam+1"],"picked":"Recycle+1","floor":31},{"not_picked":["Thunder Strike","Creative AI"],"picked":"Electrodynamics","floor":33},{"not_picked":["Stack","Genetic Algorithm"],"picked":"Hologram+1","floor":35},{"not_picked":["Hello World","Streamline+1","Genetic Algorithm+1"],"picked":"SKIP","floor":36},{"not_picked":["Leap","Streamline+1"],"picked":"Turbo","floor":38},{"not_picked":["Ball Lightning+1","Steam","Stack"],"picked":"SKIP","floor":39},{"not_picked":["Leap","Fusion+1","Hologram+1"],"picked":"SKIP","floor":41},{"not_picked":["Go for the Eyes","Reprogram+1"],"picked":"ICR:Cyclone","floor":42},{"not_picked":["Sunder","Force Field"],"picked":"Hologram+1","floor":45},{"not_picked":["Go for the Eyes","Hologram+1","Stack+1"],"picked":"SKIP","floor":46}],"player_experience":1088402,"relics_obtained":[{"floor":9,"key":"Torii"},{"floor":12,"key":"Lizard Tail"},{"floor":26,"key":"Smiling Mask"},{"floor":27,"key":"CaptainsWheel"},{"floor":31,"key":"Bag of Marbles"},{"floor":42,"key":"Omamori"},{"floor":43,"key":"Thread and Needle"},{"floor":45,"key":"Old Coin"}],"event_choices":[{"damage_healed":0,"gold_gain":75,"player_choice":"Touch","damage_taken":7,"max_hp_gain":0,"max_hp_loss":0,"event_name":"FaceTrader","floor":10,"gold_loss":0},{"damage_healed":0,"gold_gain":0,"player_choice":"Ignored","damage_taken":0,"max_hp_gain":0,"max_hp_loss":0,"event_name":"betterNote:BetterNote","floor":24,"gold_loss":0,"cards_obtained":["Combust"]},{"damage_healed":0,"gold_gain":0,"player_choice":"Fight","damage_taken":0,"max_hp_gain":0,"max_hp_loss":0,"event_name":"Mysterious Sphere","floor":45,"gold_loss":0},{"cards_removed":["ICR:AutoDefend"],"damage_healed":0,"gold_gain":0,"player_choice":"Removed Skill","damage_taken":0,"max_hp_gain":0,"max_hp_loss":0,"event_name":"Falling","floor":47,"gold_loss":0}],"is_beta":false,"boss_relics":[{"not_picked":["Snecko Eye","Runic Dome"],"picked":"Coffee Dripper"},{"not_picked":["Black Star","FrozenCore"],"picked":"Inserter"}],"items_purged_floors":[21,30,37],"is_endless":false,"potions_floor_spawned":[5,11,12,13,27,29,31,39,42,46],"killed_by":"Writhing Mass","ascension_level":0}