{"gold_per_floor":[109,12,12,23,23,23,43,77,103,31,48,48,14,31,31,134,134,148,163,163,343,72,106,106,106],"floor_reached":25,"playtime":1017,"items_purged":["Strike_B+1"],"score":263,"play_id":"d8d50bb0-1a02-4243-b201-e3b5fea8a057","local_time":"20230122111109","is_ascension_mode":true,"campfire_choices":[{"data":"Darkness","floor":6,"key":"SMITH"},{"data":"Seek","floor":12,"key":"SMITH"},{"data":"Hologram","floor":15,"key":"SMITH"},{"data":"Seek","floor":24,"key":"SMITH"}],"neow_cost":"NONE","seed_source_timestamp":331039259979000,"circlet_count":0,"master_deck":["Strike_B+1","Defend_B","Defend_B","Defend_B","Zap","Dualcast","Cold Snap","Steam","White Noise","Darkness+1","Lockon","Streamline","Core Surge","Seek+1","Defragment","Self Repair","Hologram+1","Reboot","Rebound","Tempest","Electrodynamics","Redo","Seek+1"],"relics":["Cracked Core","Orichalcum","Blood Vial","Whetstone","Nloth\u0027s Gift","CeramicFish"],"potions_floor_usage":[16,16,16,23,23,25],"damage_taken":[{"damage":0,"enemies":"2 Louse","floor":1,"turns":1},{"damage":7,"enemies":"Jaw Worm","floor":4,"turns":3},{"damage":0,"enemies":"Small Slimes","floor":7,"turns":3},{"damage":22,"enemies":"Gremlin Nob","floor":8,"turns":4},{"damage":1,"enemies":"3 Louse","floor":11,"turns":3},{"damage":10,"enemies":"Looter","floor":14,"turns":3},{"damage":24,"enemies":"The Guardian","floor":16,"turns":5},{"damage":20,"enemies":"3 Byrds","floor":18,"turns":7},{"damage":12,"enemies":"Chosen","floor":19,"turns":5},{"damage":18,"enemies":"Gremlin Leader","floor":23,"turns":9},{"damage":41,"enemies":"Slavers","floor":25,"turns":2}],"seed_played":"-2913342278620820816","potions_obtained":[{"floor":1,"key":"FearPotion"},{"floor":7,"key":"SpeedPotion"},{"floor":11,"key":"Block Potion"},{"floor":14,"key":"Swift Potion"},{"floor":18,"key":"LiquidMemories"},{"floor":19,"key":"LiquidMemories"},{"floor":23,"key":"Swift Potion"}],"is_trial":false,"path_per_floor":["M","$","?","M","?","R","M","E","T","$","M","R","$","M","R","B",null,"M","M","?","?","$","E","R","E"],"character_chosen":"DEFECT","items_purchased":["Steam","White Noise","Seek","Self Repair","Electrodynamics","Redo"],"campfire_rested":0,"item_purchase_floors":[2,2,10,13,22,22],"current_hp_per_floor":[75,75,80,73,73,73,73,51,51,51,52,52,52,51,51,36,80,67,64,64,45,45,36,36,0],"gold":106,"neow_bonus":"RANDOM_COMMON_RELIC","is_prod":false,"is_daily":false,"chose_seed":false,"campfire_upgraded":4,"win_rate":0,"timestamp":1674403869,"path_taken":["M","$","?","M","?","R","M","E","T","?","M","R","?","M","R","BOSS","M","M","?","?","$","E","R","E"],"build_version":"2022-12-18","purchased_purges":1,"victory":false,"max_hp_per_floor":[75,75,80,80,80,80,80,80,80,80,80,80,80,80,80,80,80,80,80,80,80,80,80,80,80],"card_choices":[{"not_picked":["Loop","Sunder"],"picked":"Cold Snap","floor":1},{"not_picked":["Beam Cell","Stack"],"picked":"Darkness","floor":4},{"not_picked":["Leap","Steam"],"picked":"Streamline","floor":7},{"not_picked":["Undo","Amplify"],"picked":"Core Surge","floor":8},{"not_picked":["Gash","Ball Lightning"],"picked":"Defragment","floor":11},{"not_picked":["Heatsinks","Reinforced Body"],"picked":"Hologram","floor":14},{"not_picked":["Buffer","Creative AI"],"picked":"Reboot","floor":16},{"not_picked":["Chill","Stack"],"picked":"Rebound","floor":18},{"not_picked":["Rip and Tear","Streamline"],"picked":"Tempest","floor":19},{"not_picked":["Undo","Steam"],"picked":"Seek","floor":23}],"player_experience":1141406,"relics_obtained":[{"floor":8,"key":"Blood Vial"},{"floor":9,"key":"Whetstone"},{"floor":23,"key":"CeramicFish"}],"event_choices":[{"damage_healed":0,"gold_gain":0,"player_choice":"Donut","damage_taken":0,"max_hp_gain":5,"max_hp_loss":0,"event_name":"Big Fish","floor":3,"gold_loss":0},{"damage_healed":0,"gold_gain":0,"cards_transformed":["Strike_B"],"player_choice":"Change","damage_taken":0,"max_hp_gain":0,"max_hp_loss":0,"event_name":"Living Wall","floor":5,"gold_loss":0,"cards_obtained":["Lockon"]},{"damage_healed":0,"gold_gain":0,"player_choice":"Traded Relic","damage_taken":0,"relics_obtained":["Nloth\u0027s Gift"],"max_hp_gain":0,"max_hp_loss":0,"event_name":"N\u0027loth","floor":20,"relics_lost":["Empty Cage"],"gold_loss":0},{"damage_healed":0,"gold_gain":180,"player_choice":"GOLD GOLD ","damage_taken":19,"max_hp_gain":0,"max_hp_loss":0,"event_name":"Knowing Skull","floor":21,"potions_obtained":[],"gold_loss":0,"cards_obtained":[]}],"is_beta":false,"boss_relics":[{"not_picked":["Snecko Eye","Pandora\u0027s Box"],"picked":"Empty Cage"}],"items_purged_floors":[22],"is_endless":false,"potions_floor_spawned":[1,7,11,14,18,19,23],"killed_by":"Slavers","ascension_level":4}