{"gold_per_floor":[115,40,50,68,40,40,55,55,135,161,161,177,509,523,523,523],"floor_reached":16,"playtime":556,"items_purged":[],"score":224,"play_id":"43e37ca5-bd4f-4c85-9e6d-a9e449519d26","local_time":"20230126171338","is_ascension_mode":true,"campfire_choices":[{"data":"Chaos","floor":6,"key":"SMITH"},{"floor":15,"key":"REST"}],"neow_cost":"NONE","seed_source_timestamp":140896063597000,"circlet_count":0,"master_deck":["AscendersBane","Strike_B","Strike_B","Defend_B","Defend_B","Defend_B","Defend_B","Zap","Dualcast","Darkness","Ball Lightning","Chaos+1","Hologram","Streamline","Blizzard","Doom and Gloom","Auto Shields","Redo"],"relics":["Cracked Core","NeowsBlessing","Girya","Shuriken","TungstenRod","Old Coin"],"potions_floor_usage":[7,12,13,16],"damage_taken":[{"damage":0,"enemies":"Small Slimes","floor":1,"turns":1},{"damage":0,"enemies":"Jaw Worm","floor":3,"turns":1},{"damage":0,"enemies":"2 Louse","floor":4,"turns":1},{"damage":22,"enemies":"Gremlin Gang","floor":7,"turns":5},{"damage":10,"enemies":"Lagavulin","floor":10,"turns":7},{"damage":5,"enemies":"Looter","floor":12,"turns":3},{"damage":20,"enemies":"3 Sentries","floor":13,"turns":4},{"damage":11,"enemies":"Large Slime","floor":14,"turns":4},{"damage":38,"enemies":"Hexaghost","floor":16,"turns":10}],"seed_played":"8686273532008504758","potions_obtained":[{"floor":1,"key":"Regen Potion"},{"floor":7,"key":"Explosive Potion"},{"floor":10,"key":"Regen Potion"},{"floor":12,"key":"FearPotion"}],"is_trial":false,"path_per_floor":["M","?","M","M","$","R","M","T","T","E","?","M","E","M","R","B"],"character_chosen":"DEFECT","items_purchased":["Hologram"],"campfire_rested":1,"item_purchase_floors":[5],"current_hp_per_floor":[64,64,64,64,64,64,54,54,54,44,44,48,28,17,38,0],"gold":523,"neow_bonus":"THREE_ENEMY_KILL","is_prod":false,"is_daily":false,"chose_seed":false,"campfire_upgraded":1,"win_rate":0,"timestamp":1674771218,"path_taken":["M","?","M","M","$","R","M","?","T","E","?","M","E","M","R","BOSS"],"build_version":"2022-12-18","purchased_purges":0,"victory":false,"max_hp_per_floor":[71,71,71,71,71,71,71,71,71,71,71,71,71,71,71,71],"card_choices":[{"not_picked":["Melter","Beam Cell"],"picked":"Darkness","floor":1},{"not_picked":["Leap","Steam"],"picked":"Ball Lightning","floor":3},{"not_picked":["Stack","Rip and Tear"],"picked":"Chaos","floor":4},{"not_picked":["Consume","Beam Cell","Hologram"],"picked":"SKIP","floor":7},{"not_picked":["Consume","Fission"],"picked":"Streamline","floor":10},{"not_picked":["Consume","Gash"],"picked":"Doom and Gloom","floor":12},{"not_picked":["Go for the Eyes","Barrage"],"picked":"Auto Shields","floor":13},{"not_picked":["Rip and Tear","Melter"],"picked":"Redo","floor":14}],"player_experience":1169360,"relics_obtained":[{"floor":8,"key":"Girya"},{"floor":9,"key":"Shuriken"},{"floor":10,"key":"TungstenRod"},{"floor":13,"key":"Old Coin"}],"event_choices":[{"cards_removed":["Strike_B"],"damage_healed":0,"gold_gain":0,"player_choice":"Card Removal","damage_taken":0,"max_hp_gain":0,"max_hp_loss":0,"event_name":"The Cleric","floor":2,"gold_loss":75},{"damage_healed":0,"gold_gain":0,"cards_transformed":["Strike_B"],"player_choice":"Change","damage_taken":0,"max_hp_gain":0,"max_hp_loss":0,"event_name":"Living Wall","floor":11,"gold_loss":0,"cards_obtained":["Blizzard"]}],"is_beta":false,"boss_relics":[],"items_purged_floors":[],"is_endless":false,"potions_floor_spawned":[1,7,10,12],"killed_by":"Hexaghost","ascension_level":20}