{"gold_per_floor":[111,111,111,38,57,57,83,4,4,39,55,72,86,96,96,194,194,206,18,18,93,109,142,142,75,75,75,86,103,103,116,116,216,216,233,248,258,309,11,41,58,58,133,163,176,203,221,254,254,254],"floor_reached":51,"playtime":2496,"items_purged":["Strike_B","Defend_B+1"],"score":924,"play_id":"0110ed04-8434-4374-bd1c-b841d76abf19","local_time":"20230127232133","is_ascension_mode":false,"campfire_choices":[{"data":"Barrage","floor":6,"key":"SMITH"},{"floor":15,"key":"REST"},{"data":"Coolheaded","floor":24,"key":"SMITH"},{"data":"Redo","floor":27,"key":"SMITH"},{"data":"Reboot","floor":32,"key":"SMITH"},{"data":"Leap","floor":42,"key":"SMITH"},{"data":"Seek","floor":49,"key":"SMITH"}],"neow_cost":"NONE","seed_source_timestamp":247427216893100,"circlet_count":0,"master_deck":["Defend_B+1","Zap+1","Dualcast","Cold Snap","Leap+1","Barrage+1","Lockon","Redo+1","Reboot+1","Self Repair+1","Loop+1","Electrodynamics+1","Capacitor+1","Ball Lightning","Fission+1","Cold Snap+1","Reinforced Body","FTL","Coolheaded+1","Leap+1","Glacier","Loop+1","Biased Cognition+1","Biased Cognition+1","Storm+1","Heatsinks+1","Chill+1","Machine Learning+1","Compile Driver","Defragment+1","Skim","Seek+1"],"relics":["Cracked Core","Cables","Frozen Egg 2","Bag of Marbles","Sozu","Juzu Bracelet","Prayer Wheel","TungstenRod","Astrolabe","Ice Cream","OrangePellets","Strawberry","Bottled Lightning","Smiling Mask","Ornamental Fan","Eternal Feather"],"potions_floor_usage":[14,18,29],"damage_taken":[{"damage":1,"enemies":"2 Louse","floor":1,"turns":2},{"damage":0,"enemies":"Small Slimes","floor":5,"turns":2},{"damage":17,"enemies":"Lagavulin","floor":7,"turns":5},{"damage":28,"enemies":"Gremlin Nob","floor":10,"turns":4},{"damage":0,"enemies":"Cultist","floor":11,"turns":2},{"damage":0,"enemies":"Looter","floor":12,"turns":4},{"damage":3,"enemies":"Large Slime","floor":13,"turns":4},{"damage":6,"enemies":"Exordium Wildlife","floor":14,"turns":4},{"damage":30,"enemies":"Hexaghost","floor":16,"turns":7},{"damage":11,"enemies":"3 Byrds","floor":18,"turns":4},{"damage":0,"enemies":"Chosen","floor":22,"turns":4},{"damage":0,"enemies":"Gremlin Leader","floor":23,"turns":6},{"damage":0,"enemies":"Centurion and Healer","floor":28,"turns":3},{"damage":3,"enemies":"Snake Plant","floor":29,"turns":5},{"damage":13,"enemies":"Snecko","floor":31,"turns":7},{"damage":16,"enemies":"Champ","floor":33,"turns":10},{"damage":0,"enemies":"3 Darklings","floor":35,"turns":2},{"damage":0,"enemies":"3 Shapes","floor":36,"turns":3},{"damage":0,"enemies":"Sphere and 2 Shapes","floor":37,"turns":3},{"damage":6,"enemies":"2 Orb Walkers","floor":38,"turns":3},{"damage":0,"enemies":"Nemesis","floor":40,"turns":3},{"damage":0,"enemies":"Transient","floor":41,"turns":5},{"damage":0,"enemies":"Reptomancer","floor":44,"turns":4},{"damage":0,"enemies":"Jaw Worm Horde","floor":45,"turns":2},{"damage":0,"enemies":"Giant Head","floor":46,"turns":5},{"damage":4,"enemies":"Maw","floor":47,"turns":3},{"damage":0,"enemies":"Nemesis","floor":48,"turns":3},{"damage":20,"enemies":"Awakened One","floor":50,"turns":9}],"seed_played":"-7563286972298726079","potions_obtained":[{"floor":10,"key":"SteroidPotion"},{"floor":13,"key":"Explosive Potion"},{"floor":14,"key":"Fire Potion"},{"floor":16,"key":"LiquidMemories"}],"is_trial":false,"path_per_floor":["M","?","?","$","M","R","E","$","T","E","M","M","M","M","R","B",null,"M","$","?","?","M","E","R","?","T","R","M","M","?","M","R","B",null,"M","M","M","?","$","E","M","R","T","E","M","E","M","E","R","B",null],"character_chosen":"DEFECT","items_purchased":["Leap","Barrage","Reboot","Reinforced Body","FTL","OrangePellets","Compile Driver"],"campfire_rested":1,"item_purchase_floors":[4,4,8,19,19,39,39],"current_hp_per_floor":[74,67,67,67,67,67,50,50,50,22,22,32,39,43,65,45,75,74,74,74,67,75,75,75,75,75,75,75,75,75,72,72,66,75,75,75,75,69,69,82,82,82,82,82,82,82,82,82,82,72],"gold":254,"neow_bonus":"REMOVE_CARD","is_prod":false,"is_daily":false,"chose_seed":false,"campfire_upgraded":6,"win_rate":0,"timestamp":1674879693,"path_taken":["M","?","?","$","M","R","E","$","T","E","M","M","M","M","R","BOSS","M","$","?","?","M","E","R","?","T","R","M","M","?","M","R","BOSS","M","M","M","?","$","E","M","R","T","E","M","E","M","E","R","BOSS"],"build_version":"2022-12-18","purchased_purges":2,"victory":true,"max_hp_per_floor":[75,75,75,75,75,75,75,75,75,75,75,75,75,75,75,75,75,75,75,75,75,75,75,75,75,75,75,75,75,75,75,75,75,75,75,75,75,75,75,82,82,82,82,82,82,82,82,82,82,82],"card_choices":[{"not_picked":["Streamline","Stack"],"picked":"Cold Snap","floor":1},{"not_picked":["FTL","Compile Driver"],"picked":"Lockon","floor":5},{"not_picked":["Chaos","Hologram"],"picked":"Redo","floor":7},{"not_picked":["Chill","Leap"],"picked":"Self Repair+1","floor":10},{"not_picked":["Barrage","Go for the Eyes"],"picked":"Loop+1","floor":11},{"not_picked":["Streamline","Hologram"],"picked":"Electrodynamics+1","floor":12},{"not_picked":["White Noise","Ball Lightning"],"picked":"Capacitor+1","floor":13},{"not_picked":["Turbo","Streamline"],"picked":"Ball Lightning","floor":14},{"not_picked":["All For One","Reboot"],"picked":"Fission","floor":16},{"not_picked":["Recycle+1","Sweeping Beam"],"picked":"Cold Snap+1","floor":18},{"not_picked":["Rebound","Leap+1","Conserve Battery"],"picked":"SKIP","floor":22},{"not_picked":["Compile Driver","Hello World+1"],"picked":"Coolheaded","floor":23},{"not_picked":["Turbo","Hyperbeam"],"picked":"Leap+1","floor":28},{"not_picked":["Stack+1","Steam+1","Beam Cell"],"picked":"SKIP","floor":28},{"not_picked":["Ball Lightning","Barrage"],"picked":"Glacier","floor":29},{"not_picked":["BootSequence","Streamline","Leap"],"picked":"SKIP","floor":29},{"not_picked":["Beam Cell","Coolheaded"],"picked":"Loop+1","floor":31},{"not_picked":["Barrage","Conserve Battery","Streamline"],"picked":"SKIP","floor":31},{"not_picked":["Buffer+1","Thunder Strike"],"picked":"Biased Cognition+1","floor":33},{"not_picked":["Auto Shields","Coolheaded+1"],"picked":"Chill+1","floor":35},{"not_picked":["Chill+1","Barrage","Gash"],"picked":"SKIP","floor":35},{"not_picked":["Ball Lightning+1","BootSequence","Conserve Battery"],"picked":"SKIP","floor":36},{"not_picked":["Gash","Turbo","Cold Snap+1"],"picked":"SKIP","floor":36},{"not_picked":["Ball Lightning","Sweeping Beam+1"],"picked":"Machine Learning+1","floor":37},{"not_picked":["Tempest","Stack+1","Ball Lightning+1"],"picked":"SKIP","floor":37},{"not_picked":["Ball Lightning","Turbo+1","Glacier+1"],"picked":"SKIP","floor":40},{"not_picked":["Force Field","Rebound"],"picked":"Defragment+1","floor":41},{"not_picked":["Beam Cell","Cold Snap"],"picked":"Skim","floor":41},{"not_picked":["Leap+1","Meteor Strike","Tempest"],"picked":"SKIP","floor":44},{"not_picked":["Compile Driver","Hello World+1","Cold Snap"],"picked":"SKIP","floor":45},{"not_picked":["Blizzard+1","Beam Cell+1","Auto Shields"],"picked":"SKIP","floor":45},{"not_picked":["Self Repair+1","Hologram","Conserve Battery"],"picked":"SKIP","floor":46},{"not_picked":["Rebound","Go for the Eyes+1","Turbo"],"picked":"SKIP","floor":47},{"not_picked":["BootSequence+1","Rebound","Redo+1"],"picked":"SKIP","floor":47},{"not_picked":["Sweeping Beam","White Noise"],"picked":"Seek","floor":48}],"player_experience":1195770,"relics_obtained":[{"floor":7,"key":"Cables"},{"floor":9,"key":"Frozen Egg 2"},{"floor":10,"key":"Bag of Marbles"},{"floor":23,"key":"Juzu Bracelet"},{"floor":26,"key":"TungstenRod"},{"floor":38,"key":"Ice Cream"},{"floor":40,"key":"Strawberry"},{"floor":43,"key":"Bottled Lightning"},{"floor":44,"key":"Smiling Mask"},{"floor":46,"key":"Ornamental Fan"},{"floor":48,"key":"Eternal Feather"}],"event_choices":[{"cards_removed":["Strike_B"],"damage_healed":0,"gold_gain":0,"player_choice":"Card Removal","damage_taken":7,"max_hp_gain":0,"max_hp_loss":0,"event_name":"Golden Wing","floor":2,"gold_loss":0},{"damage_healed":0,"gold_gain":0,"player_choice":"Upgraded","damage_taken":0,"max_hp_gain":0,"max_hp_loss":0,"event_name":"Upgrade Shrine","floor":3,"gold_loss":0,"cards_upgraded":["Zap"]},{"damage_healed":0,"gold_gain":0,"player_choice":"Forge","damage_taken":0,"max_hp_gain":0,"max_hp_loss":0,"event_name":"Accursed Blacksmith","floor":20,"gold_loss":0,"cards_upgraded":["Fission"]},{"damage_healed":0,"gold_gain":75,"player_choice":"Touch","damage_taken":7,"max_hp_gain":0,"max_hp_loss":0,"event_name":"FaceTrader","floor":21,"gold_loss":0},{"damage_healed":0,"gold_gain":0,"player_choice":"Paid Gold","damage_taken":0,"relics_obtained":["Prayer Wheel"],"max_hp_gain":0,"max_hp_loss":0,"event_name":"WeMeetAgain","floor":25,"gold_loss":67},{"damage_healed":0,"gold_gain":0,"player_choice":"Simplicity","damage_taken":0,"max_hp_gain":0,"max_hp_loss":0,"event_name":"Back to Basics","floor":30,"gold_loss":0,"cards_upgraded":["Strike_B","Strike_B","Defend_B","Defend_B","Defend_B"]},{"damage_healed":0,"gold_gain":0,"player_choice":"Fight","damage_taken":0,"max_hp_gain":0,"max_hp_loss":0,"event_name":"Mysterious Sphere","floor":38,"gold_loss":0}],"is_beta":false,"boss_relics":[{"not_picked":["Black Star","Busted Crown"],"picked":"Sozu"},{"not_picked":["Cursed Key","FrozenCore"],"picked":"Astrolabe"}],"items_purged_floors":[19,39],"is_endless":false,"potions_floor_spawned":[10,13,14,16,18,33,36,38,47,48],"ascension_level":0}