{"gold_per_floor":[113,128,128,128,1,30,40,72,72,91,101,101,128,147,147,225,225,239,154,172,172,20,20,20,32,32,32,32],"floor_reached":28,"playtime":1287,"items_purged":["Strike_B","Strike_B"],"score":526,"play_id":"475f52b6-0a17-4c39-9d5b-41e241bc1b86","local_time":"20230127221106","is_ascension_mode":true,"campfire_choices":[{"data":"Zap","floor":12,"key":"SMITH"},{"floor":15,"key":"REST"},{"data":"Undo","floor":23,"key":"SMITH"},{"data":"Rainbow","floor":27,"key":"SMITH"}],"neow_cost":"NONE","seed_source_timestamp":244417228291300,"circlet_count":0,"master_deck":["AscendersBane","Strike_B","Strike_B","Defend_B","Defend_B","Defend_B","Defend_B+1","Zap+1","Dualcast+1","Cold Snap","Darkness+1","Steam","Conserve Battery","Undo+1","Ball Lightning","Barrage+1","Capacitor","Steam Power","Ball Lightning+1","Rainbow+1","CurseOfTheBell","Hologram","Cold Snap+1","Hologram","Cold Snap+1"],"relics":["Cracked Core","NeowsBlessing","Question Card","InkBottle","Molten Egg 2","Bottled Lightning","Calling Bell","Blood Vial","Mummified Hand","Pocketwatch","Ice Cream","Bag of Preparation","Thread and Needle"],"potions_floor_usage":[8,13,13,18,25],"damage_taken":[{"damage":0,"enemies":"Small Slimes","floor":1,"turns":1},{"damage":0,"enemies":"Cultist","floor":2,"turns":1},{"damage":0,"enemies":"Gremlin Nob","floor":6,"turns":1},{"damage":0,"enemies":"Jaw Worm","floor":7,"turns":4},{"damage":3,"enemies":"Lagavulin","floor":8,"turns":6},{"damage":0,"enemies":"2 Fungi Beasts","floor":10,"turns":3},{"damage":0,"enemies":"Red Slaver","floor":11,"turns":3},{"damage":33,"enemies":"Gremlin Nob","floor":13,"turns":4},{"damage":0,"enemies":"Blue Slaver","floor":14,"turns":3},{"damage":27,"enemies":"The Guardian","floor":16,"turns":10},{"damage":12,"enemies":"Spheric Guardian","floor":18,"turns":5},{"damage":6,"enemies":"Chosen","floor":20,"turns":5},{"damage":3,"enemies":"Snecko","floor":25,"turns":5},{"damage":43,"enemies":"Gremlin Leader","floor":28,"turns":5}],"seed_played":"-2467024235518337397","potions_obtained":[{"floor":1,"key":"FocusPotion"},{"floor":8,"key":"AttackPotion"},{"floor":10,"key":"SneckoOil"},{"floor":16,"key":"Fire Potion"},{"floor":20,"key":"EssenceOfSteel"}],"is_trial":false,"path_per_floor":["M","M","?","?","$","E","M","E","T","M","M","R","E","M","R","B",null,"M","?","M","?","$","R","$","M","T","R","E"],"character_chosen":"DEFECT","items_purchased":["Steam","Hologram"],"campfire_rested":1,"item_purchase_floors":[5,22],"current_hp_per_floor":[64,64,43,43,43,43,43,40,40,40,40,40,7,7,28,1,54,44,44,40,40,40,40,40,39,39,39,0],"gold":32,"neow_bonus":"THREE_ENEMY_KILL","is_prod":false,"is_daily":false,"chose_seed":false,"campfire_upgraded":3,"win_rate":0,"timestamp":1674875466,"path_taken":["M","M","?","?","$","E","?","E","T","M","M","R","E","M","R","BOSS","M","?","M","?","$","R","$","?","T","R","E"],"build_version":"2022-12-18","purchased_purges":2,"victory":false,"max_hp_per_floor":[71,71,71,71,71,71,71,71,71,71,71,71,71,71,71,71,71,71,71,71,71,71,71,71,71,71,71,71],"card_choices":[{"not_picked":["Genetic Algorithm","Hologram"],"picked":"Cold Snap","floor":1},{"not_picked":["Hologram","Leap"],"picked":"Darkness","floor":2},{"not_picked":["Consume","Redo"],"picked":"Conserve Battery","floor":6},{"not_picked":["Hologram","Barrage","Go for the Eyes"],"picked":"Undo","floor":7},{"not_picked":["Self Repair","Go for the Eyes","Undo"],"picked":"Ball Lightning","floor":8},{"not_picked":["Scrape+1","Cold Snap+1","Self Repair"],"picked":"Barrage+1","floor":10},{"not_picked":["Go for the Eyes+1","Beam Cell+1","Leap"],"picked":"Capacitor","floor":11},{"not_picked":["Fusion","Steam","Thunder Strike+1"],"picked":"Steam Power","floor":13},{"not_picked":["Conserve Battery","Barrage+1","Streamline+1"],"picked":"Ball Lightning+1","floor":14},{"not_picked":["Multi-Cast","Hyperbeam+1","Creative AI"],"picked":"Rainbow","floor":16},{"not_picked":["Streamline+1","Stack","Skim"],"picked":"Hologram","floor":18},{"not_picked":["Turbo","Doom and Gloom+1","Hyperbeam+1"],"picked":"Cold Snap+1","floor":20},{"not_picked":["Hologram","Aggregate","Leap"],"picked":"Cold Snap+1","floor":25}],"player_experience":1192798,"relics_obtained":[{"floor":6,"key":"Question Card"},{"floor":8,"key":"InkBottle"},{"floor":9,"key":"Molten Egg 2"},{"floor":13,"key":"Bottled Lightning"},{"floor":17,"key":"Blood Vial"},{"floor":17,"key":"Mummified Hand"},{"floor":17,"key":"Pocketwatch"},{"floor":21,"key":"Bag of Preparation"},{"floor":26,"key":"Thread and Needle"}],"event_choices":[{"damage_healed":0,"gold_gain":0,"player_choice":"Entered Light","damage_taken":21,"max_hp_gain":0,"max_hp_loss":0,"event_name":"Shining Light","floor":3,"gold_loss":0,"cards_upgraded":["Dualcast","Defend_B"]},{"damage_healed":0,"gold_gain":0,"player_choice":"Forge","damage_taken":0,"max_hp_gain":0,"max_hp_loss":0,"event_name":"Accursed Blacksmith","floor":4,"gold_loss":0,"cards_upgraded":["Darkness"]},{"damage_healed":0,"gold_gain":0,"player_choice":"Obtained Relic","damage_taken":0,"relics_obtained":["Ice Cream"],"max_hp_gain":0,"max_hp_loss":0,"event_name":"Addict","floor":19,"gold_loss":85},{"damage_healed":0,"gold_gain":0,"player_choice":"Relic","damage_taken":0,"max_hp_gain":0,"max_hp_loss":0,"event_name":"Wheel of Change","floor":21,"gold_loss":0}],"is_beta":false,"boss_relics":[{"not_picked":["Snecko Eye","Velvet Choker"],"picked":"Calling Bell"}],"items_purged_floors":[5,22],"is_endless":false,"potions_floor_spawned":[1,8,10,16,20],"killed_by":"Gremlin Leader","ascension_level":20}