{"gold_per_floor":[117,32,49,149,8,37,37,53,78,78,106,106,106,133,133,238,238,252,23,33,33,33,67,67,82,382,382],"floor_reached":27,"playtime":1194,"items_purged":["Strike_B"],"score":356,"play_id":"c4880e72-2a73-424b-9f54-957bdafb9eb5","local_time":"20230122113119","is_ascension_mode":true,"campfire_choices":[{"data":"Leap","floor":7,"key":"SMITH"},{"data":"Zap","floor":10,"key":"SMITH"},{"data":"Echo Form","floor":13,"key":"SMITH"},{"data":"Loop","floor":15,"key":"SMITH"},{"data":"Amplify","floor":24,"key":"SMITH"}],"neow_cost":"NONE","seed_source_timestamp":332070198201600,"circlet_count":0,"master_deck":["Strike_B","Strike_B","Strike_B","Defend_B","Defend_B","Defend_B","Defend_B","Zap+1","Dualcast+1","Go for the Eyes","Coolheaded+1","Rip and Tear","Storm","Self Repair","Leap+1","Sweeping Beam","Turbo","Beam Cell","Thunder Strike","Echo Form+1","Loop+1","Amplify+1","Static Discharge","Undo+1","Buffer"],"relics":["Cracked Core","Vajra","War Paint","Lantern","Girya","Cables","Snecko Eye","Bag of Marbles","Nloth\u0027s Gift","Blood Vial","Old Coin"],"potions_floor_usage":[11,14,16,16,27,27],"damage_taken":[{"damage":1,"enemies":"Cultist","floor":1,"turns":3},{"damage":1,"enemies":"2 Louse","floor":3,"turns":3},{"damage":41,"enemies":"Gremlin Nob","floor":6,"turns":5},{"damage":4,"enemies":"Small Slimes","floor":8,"turns":3},{"damage":14,"enemies":"Lagavulin","floor":11,"turns":5},{"damage":24,"enemies":"Gremlin Nob","floor":14,"turns":4},{"damage":0,"enemies":"Slime Boss","floor":16,"turns":6},{"damage":19,"enemies":"3 Byrds","floor":18,"turns":6},{"damage":7,"enemies":"Spheric Guardian","floor":20,"turns":4},{"damage":21,"enemies":"Book of Stabbing","floor":23,"turns":3},{"damage":18,"enemies":"Chosen and Byrds","floor":25,"turns":6},{"damage":28,"enemies":"Gremlin Leader","floor":27,"turns":4}],"seed_played":"7773513340159482422","potions_obtained":[{"floor":1,"key":"DuplicationPotion"},{"floor":8,"key":"GamblersBrew"},{"floor":11,"key":"LiquidMemories"},{"floor":14,"key":"BlessingOfTheForge"},{"floor":18,"key":"Ancient Potion"},{"floor":20,"key":"SteroidPotion"}],"is_trial":false,"path_per_floor":["M","$","M","?","$","E","R","M","T","R","E","?","R","E","R","B",null,"M","$","M","T","?","E","R","M","T","E"],"character_chosen":"DEFECT","items_purchased":["Coolheaded","Rip and Tear","Self Repair","Leap","Sweeping Beam","Membership Card","Static Discharge"],"campfire_rested":0,"item_purchase_floors":[2,2,5,5,5,19,19],"current_hp_per_floor":[74,74,73,73,73,39,39,42,42,42,42,42,42,32,32,39,75,63,63,56,56,56,35,35,26,26,0],"gold":382,"neow_bonus":"RANDOM_COMMON_RELIC","is_prod":false,"is_daily":false,"chose_seed":false,"campfire_upgraded":5,"win_rate":0,"timestamp":1674405079,"path_taken":["M","$","M","?","$","E","R","?","T","R","E","?","R","E","R","BOSS","M","$","M","?","?","E","R","M","T","E"],"build_version":"2022-12-18","purchased_purges":1,"victory":false,"max_hp_per_floor":[75,75,75,75,75,75,75,75,75,75,75,75,75,75,75,75,75,75,75,75,75,75,75,75,75,75,75],"card_choices":[{"not_picked":["Consume","Reprogram"],"picked":"Go for the Eyes","floor":1},{"not_picked":["Static Discharge","Cold Snap"],"picked":"Storm","floor":3},{"not_picked":["Streamline","Barrage"],"picked":"Turbo","floor":6},{"not_picked":["Double Energy","Barrage"],"picked":"Beam Cell","floor":8},{"not_picked":["Streamline","Stack"],"picked":"Thunder Strike","floor":11},{"not_picked":["Compile Driver","Streamline"],"picked":"Loop","floor":14},{"not_picked":["Reboot","Creative AI"],"picked":"Amplify","floor":16},{"not_picked":["Double Energy","Conserve Battery","Sweeping Beam"],"picked":"SKIP","floor":18},{"not_picked":["Gash","Barrage+1"],"picked":"Undo+1","floor":20},{"not_picked":["Heatsinks+1","Leap+1"],"picked":"Buffer","floor":23},{"not_picked":["Recycle","Storm","Turbo"],"picked":"SKIP","floor":25}],"player_experience":1142423,"relics_obtained":[{"floor":6,"key":"War Paint"},{"floor":9,"key":"Lantern"},{"floor":11,"key":"Girya"},{"floor":14,"key":"Cables"},{"floor":21,"key":"Bag of Marbles"},{"floor":23,"key":"Blood Vial"},{"floor":26,"key":"Old Coin"}],"event_choices":[{"damage_healed":0,"gold_gain":100,"player_choice":"Pray","damage_taken":0,"max_hp_gain":0,"max_hp_loss":0,"event_name":"Golden Shrine","floor":4,"gold_loss":0},{"damage_healed":0,"gold_gain":0,"player_choice":"1 cards matched","damage_taken":0,"max_hp_gain":0,"max_hp_loss":0,"event_name":"Match and Keep!","floor":12,"gold_loss":0,"cards_obtained":["Echo Form"]},{"damage_healed":0,"gold_gain":0,"player_choice":"Traded Relic","damage_taken":0,"relics_obtained":["Nloth\u0027s Gift"],"max_hp_gain":0,"max_hp_loss":0,"event_name":"N\u0027loth","floor":22,"relics_lost":["Membership Card"],"gold_loss":0}],"is_beta":false,"boss_relics":[{"not_picked":["SacredBark","Cursed Key"],"picked":"Snecko Eye"}],"items_purged_floors":[19],"is_endless":false,"potions_floor_spawned":[1,8,11,14,18,20],"killed_by":"Gremlin Leader","ascension_level":4}