{"gold_per_floor":[113,127,138,45,45,78,78,78,102,119,133,133],"floor_reached":12,"playtime":341,"items_purged":[],"score":160,"play_id":"938cebac-b320-4a23-ad9a-80f25a001cf0","local_time":"20230126170410","is_ascension_mode":true,"campfire_choices":[{"data":"Fission","floor":7,"key":"SMITH"}],"neow_cost":"NONE","seed_source_timestamp":140542128663899,"circlet_count":0,"master_deck":["AscendersBane","Strike_B","Strike_B","Strike_B","Strike_B","Defend_B","Defend_B","Defend_B","Defend_B","Zap","Dualcast","Ball Lightning","Fission+1","Conserve Battery","Ball Lightning","Darkness","FTL","Capacitor","Leap"],"relics":["Cracked Core","Art of War","Akabeko"],"potions_floor_usage":[3,6],"damage_taken":[{"damage":4,"enemies":"Jaw Worm","floor":1,"turns":4},{"damage":3,"enemies":"2 Louse","floor":2,"turns":3},{"damage":4,"enemies":"Small Slimes","floor":3,"turns":4},{"damage":25,"enemies":"Gremlin Nob","floor":6,"turns":4},{"damage":13,"enemies":"Blue Slaver","floor":10,"turns":2},{"damage":10,"enemies":"3 Louse","floor":11,"turns":3},{"damage":13,"enemies":"Lagavulin","floor":12,"turns":5}],"seed_played":"-7145562797970397715","potions_obtained":[{"floor":0,"key":"ColorlessPotion"},{"floor":0,"key":"EssenceOfSteel"},{"floor":11,"key":"Energy Potion"}],"is_trial":false,"path_per_floor":["M","M","M","$","?","E","R","?","T","M","M","E"],"character_chosen":"DEFECT","items_purchased":["Ball Lightning","Darkness"],"campfire_rested":0,"item_purchase_floors":[4,4],"current_hp_per_floor":[60,57,53,53,53,28,28,28,28,15,5,0],"gold":133,"neow_bonus":"THREE_SMALL_POTIONS","is_prod":false,"is_daily":false,"chose_seed":false,"campfire_upgraded":1,"win_rate":0,"timestamp":1674770650,"path_taken":["M","M","M","$","?","E","R","?","T","M","M","E"],"build_version":"2022-12-18","purchased_purges":0,"victory":false,"max_hp_per_floor":[71,71,71,71,71,71,71,71,71,71,71,71],"card_choices":[{"not_picked":["Steam","Skim"],"picked":"Ball Lightning","floor":1},{"not_picked":["Recycle","Streamline"],"picked":"Fission","floor":2},{"not_picked":["Consume","Gash"],"picked":"Conserve Battery","floor":3},{"not_picked":["Turbo","Compile Driver"],"picked":"FTL","floor":6},{"not_picked":["Recycle","Aggregate"],"picked":"Capacitor","floor":10},{"not_picked":["Stack","Loop"],"picked":"Leap","floor":11}],"player_experience":1169019,"relics_obtained":[{"floor":6,"key":"Art of War"},{"floor":9,"key":"Akabeko"}],"event_choices":[{"damage_healed":0,"gold_gain":0,"player_choice":"Ignored","damage_taken":0,"max_hp_gain":0,"max_hp_loss":0,"event_name":"Golden Idol","floor":5,"gold_loss":0},{"damage_healed":0,"gold_gain":0,"player_choice":"Searched \u00270\u0027 times","damage_taken":0,"max_hp_gain":0,"max_hp_loss":0,"event_name":"Dead Adventurer","floor":8,"gold_loss":0}],"is_beta":false,"boss_relics":[],"items_purged_floors":[],"is_endless":false,"potions_floor_spawned":[1,2,11],"killed_by":"Lagavulin","ascension_level":20}