{"gold_per_floor":[109,184,203,20,37,37,64,78,125,137,149,171,183,207,219,302,314,336,348,24,38,38,38,38,38,61,61,8,28,41,41,41,41],"floor_reached":33,"playtime":1355,"items_purged":["Strike_B","Strike_B"],"score":590,"play_id":"23cc2362-7d2c-4656-a964-8e1d560680b4","local_time":"20230130151457","is_ascension_mode":true,"campfire_choices":[{"data":"Zap","floor":6,"key":"SMITH"},{"data":"Dualcast","floor":10,"key":"SMITH"},{"floor":15,"key":"REST"},{"floor":23,"key":"REST"},{"data":"Madness","floor":25,"key":"SMITH"},{"data":"Coolheaded","floor":27,"key":"SMITH"},{"data":"Scrape","floor":32,"key":"SMITH"}],"neow_cost":"NONE","seed_source_timestamp":478519756820900,"circlet_count":0,"master_deck":["AscendersBane","Strike_B","Strike_B","Defend_B","Defend_B","Defend_B","Defend_B","Zap+1","Dualcast+1","Gash","Beam Cell","Scrape+1","Coolheaded+1","Chill","Ball Lightning","Rainbow","Gash","Gash","Electrodynamics","Undo","Go for the Eyes","Madness+1","Self Repair","Cold Snap","Compile Driver","Hologram"],"special_seed":0,"relics":["Cracked Core","NeowsBlessing","Singing Bowl","MawBank","Philosopher\u0027s Stone","Toy Ornithopter","Eternal Feather","Tiny Chest"],"potions_floor_usage":[7,16,29,30],"damage_taken":[{"damage":0,"enemies":"Small Slimes","floor":1,"turns":1},{"damage":0,"enemies":"2 Louse","floor":3,"turns":1},{"damage":0,"enemies":"Jaw Worm","floor":5,"turns":1},{"damage":37,"enemies":"Gremlin Nob","floor":7,"turns":4},{"damage":1,"enemies":"Exordium Thugs","floor":8,"turns":4},{"damage":0,"enemies":"Exordium Wildlife","floor":12,"turns":4},{"damage":4,"enemies":"Blue Slaver","floor":14,"turns":3},{"damage":0,"enemies":"Slime Boss","floor":16,"turns":9},{"damage":7,"enemies":"Spheric Guardian","floor":18,"turns":3},{"damage":28,"enemies":"Chosen","floor":21,"turns":4},{"damage":22,"enemies":"Centurion and Healer","floor":29,"turns":4},{"damage":34,"enemies":"Snake Plant","floor":30,"turns":5},{"damage":61,"enemies":"Automaton","floor":33,"turns":6}],"seed_played":"5386729654531328283","potions_obtained":[{"floor":3,"key":"ColorlessPotion"},{"floor":12,"key":"Block Potion"},{"floor":16,"key":"Energy Potion"},{"floor":21,"key":"LiquidMemories"},{"floor":29,"key":"FearPotion"},{"floor":30,"key":"SteroidPotion"}],"is_trial":false,"path_per_floor":["M","?","M","$","M","R","E","M","T","R","?","M","?","M","R","B",null,"M","?","$","M","T","R","T","R","T","R","$","M","M","?","R","B"],"character_chosen":"DEFECT","items_purchased":["Scrape","Coolheaded","Undo","Go for the Eyes","Madness","Cold Snap"],"campfire_rested":2,"item_purchase_floors":[4,4,20,20,20,28],"current_hp_per_floor":[64,53,53,53,53,53,16,15,15,15,15,15,15,11,32,32,61,56,56,56,28,28,49,49,61,61,73,73,52,30,30,45,0],"gold":41,"neow_bonus":"THREE_ENEMY_KILL","is_prod":false,"is_daily":false,"chose_seed":false,"campfire_upgraded":5,"win_rate":0,"timestamp":1675109697,"path_taken":["M","?","M","$","M","R","E","M","T","R","?","M","?","M","R","BOSS","M","?","$","?","?","R","?","R","T","R","$","M","?","?","R","BOSS"],"build_version":"2022-12-18","purchased_purges":2,"victory":false,"max_hp_per_floor":[71,71,71,71,71,71,71,71,71,71,71,71,71,71,71,71,71,73,73,73,73,73,73,73,73,73,73,73,73,73,73,73,73],"card_choices":[{"not_picked":["FTL","White Noise"],"picked":"Gash","floor":1},{"not_picked":["Barrage","Compile Driver"],"picked":"Beam Cell","floor":3},{"not_picked":["Streamline","Coolheaded"],"picked":"Chill","floor":5},{"not_picked":["Sweeping Beam","Stack"],"picked":"Ball Lightning","floor":7},{"not_picked":["Streamline","Hologram"],"picked":"Rainbow","floor":8},{"not_picked":["Rebound","Turbo"],"picked":"Gash","floor":12},{"not_picked":["Glacier","White Noise"],"picked":"Gash","floor":14},{"not_picked":["Buffer","Seek"],"picked":"Electrodynamics","floor":16},{"not_picked":["Rebound","Coolheaded","Go for the Eyes"],"picked":"Singing Bowl","floor":18},{"not_picked":["Streamline","Ball Lightning"],"picked":"Self Repair","floor":21},{"not_picked":["Capacitor","Ball Lightning"],"picked":"Compile Driver","floor":29},{"not_picked":["Skim","Redo"],"picked":"Hologram","floor":30}],"player_experience":1207369,"relics_obtained":[{"floor":7,"key":"Singing Bowl"},{"floor":9,"key":"MawBank"},{"floor":22,"key":"Toy Ornithopter"},{"floor":24,"key":"Eternal Feather"},{"floor":26,"key":"Tiny Chest"}],"event_choices":[{"damage_healed":0,"gold_gain":75,"player_choice":"Gather Gold","damage_taken":11,"max_hp_gain":0,"max_hp_loss":0,"event_name":"World of Goop","floor":2,"gold_loss":0},{"damage_healed":0,"gold_gain":0,"player_choice":"Ignored","damage_taken":0,"max_hp_gain":0,"max_hp_loss":0,"event_name":"Shining Light","floor":11,"gold_loss":0},{"damage_healed":0,"gold_gain":0,"player_choice":"Ignored","damage_taken":0,"max_hp_gain":0,"max_hp_loss":0,"event_name":"Golden Idol","floor":13,"gold_loss":0},{"damage_healed":0,"gold_gain":0,"player_choice":"0 cards matched","damage_taken":0,"max_hp_gain":0,"max_hp_loss":0,"event_name":"Match and Keep!","floor":19,"gold_loss":0,"cards_obtained":[]},{"damage_healed":0,"gold_gain":0,"player_choice":"Ignored","damage_taken":0,"max_hp_gain":0,"max_hp_loss":0,"event_name":"Vampires","floor":31,"gold_loss":0}],"is_beta":false,"boss_relics":[{"not_picked":["Busted Crown","Tiny House"],"picked":"Philosopher\u0027s Stone"}],"items_purged_floors":[4,20],"is_endless":false,"potions_floor_spawned":[3,12,16,21,29,30],"killed_by":"Automaton","ascension_level":20}