{"gold_per_floor":[117,128,148,64,64,94,94,125,125,136,136],"floor_reached":11,"playtime":314,"items_purged":[],"score":166,"play_id":"4ffda000-fd7d-477e-a94f-e7e44defc251","local_time":"20230130145056","is_ascension_mode":true,"campfire_choices":[{"data":"Hyperbeam","floor":7,"key":"SMITH"}],"neow_cost":"NONE","seed_source_timestamp":478176333260200,"circlet_count":0,"master_deck":["AscendersBane","Strike_B","Strike_B","Strike_B","Defend_B","Defend_B","Defend_B","Defend_B","Zap","Dualcast","Core Surge","Loop","Coolheaded","Rebound","Tempest","Hyperbeam+1","Barrage","Static Discharge","Core Surge","Cold Snap"],"relics":["Cracked Core","Toxic Egg 2","TungstenRod","Prayer Wheel"],"potions_floor_usage":[10,10,11],"damage_taken":[{"damage":2,"enemies":"Small Slimes","floor":1,"turns":3},{"damage":7,"enemies":"Jaw Worm","floor":2,"turns":3},{"damage":6,"enemies":"2 Louse","floor":3,"turns":2},{"damage":10,"enemies":"3 Sentries","floor":6,"turns":2},{"damage":30,"enemies":"Gremlin Nob","floor":8,"turns":4},{"damage":0,"enemies":"Exordium Thugs","floor":10,"turns":2},{"damage":14,"enemies":"Exordium Wildlife","floor":11,"turns":1}],"seed_played":"-1726886851926119987","potions_obtained":[{"floor":1,"key":"SpeedPotion"},{"floor":6,"key":"Explosive Potion"},{"floor":10,"key":"PowerPotion"}],"is_trial":false,"path_per_floor":["M","M","M","$","?","E","R","E","T","M","M"],"character_chosen":"DEFECT","items_purchased":["Tempest"],"campfire_rested":0,"item_purchase_floors":[4],"current_hp_per_floor":[62,55,49,49,49,39,39,9,9,9,0],"gold":136,"neow_bonus":"ONE_RANDOM_RARE_CARD","is_prod":false,"is_daily":false,"chose_seed":false,"campfire_upgraded":1,"win_rate":0,"timestamp":1675108256,"path_taken":["M","M","M","$","?","E","R","E","T","M","M"],"build_version":"2022-12-18","purchased_purges":0,"victory":false,"max_hp_per_floor":[71,71,71,71,71,71,71,71,71,71,71],"card_choices":[{"not_picked":["Streamline","Conserve Battery"],"picked":"Loop","floor":1},{"not_picked":["Force Field","Steam Power"],"picked":"Coolheaded","floor":2},{"not_picked":["Rip and Tear","Melter"],"picked":"Rebound","floor":3},{"not_picked":["Compile Driver","Beam Cell"],"picked":"Barrage","floor":6},{"not_picked":["Turbo+1","Tempest+1"],"picked":"Static Discharge","floor":8},{"not_picked":["Stack+1","Glacier+1"],"picked":"Core Surge","floor":10},{"not_picked":["Streamline","Genetic Algorithm+1"],"picked":"Cold Snap","floor":10}],"player_experience":1207055,"relics_obtained":[{"floor":6,"key":"Toxic Egg 2"},{"floor":8,"key":"TungstenRod"},{"floor":9,"key":"Prayer Wheel"}],"event_choices":[{"damage_healed":0,"gold_gain":0,"cards_transformed":["Strike_B"],"player_choice":"Change","damage_taken":0,"max_hp_gain":0,"max_hp_loss":0,"event_name":"Living Wall","floor":5,"gold_loss":0,"cards_obtained":["Hyperbeam"]}],"is_beta":false,"boss_relics":[],"items_purged_floors":[],"is_endless":false,"potions_floor_spawned":[1,6,10],"killed_by":"Exordium Wildlife","ascension_level":20}