{"gold_per_floor":[116,22,22,22,22,48,59,91,143,143,143,170,27,47,47,147,147,135,58,74,86,112,141,141,160,160,170,170],"floor_reached":28,"playtime":1381,"items_purged":[],"score":337,"play_id":"fc41b427-8e20-4304-862c-571b3831eb80","local_time":"20230129215924","is_ascension_mode":true,"campfire_choices":[{"data":"Creative AI","floor":15.0,"key":"SMITH"},{"floor":24,"key":"REST"}],"neow_cost":"NONE","seed_source_timestamp":416405040027800,"circlet_count":0,"master_deck":["Strike_B","Strike_B+1","Strike_B","Defend_B","Defend_B+1","Defend_B","Defend_B","Zap","Dualcast","Static Discharge","Dark Shackles","Creative AI+1","Storm","BootSequence","Turbo","Parasite","Redo","Echo Form","Force Field","Defragment","FTL","Barrage+1","Redo+1","Coolheaded","Chill+1"],"special_seed":0,"relics":["Cracked Core","NeowsBlessing","Tiny Chest","Eternal Feather","MealTicket","Centennial Puzzle","Lee\u0027s Waffle","Fusion Hammer","DataDisk","Lantern"],"potions_floor_usage":[],"damage_taken":[{"damage":0.0,"enemies":"Cultist","floor":1.0,"turns":1.0},{"damage":0.0,"enemies":"Gremlin Nob","floor":6.0,"turns":1.0},{"damage":0.0,"enemies":"Jaw Worm","floor":7.0,"turns":1.0},{"damage":57.0,"enemies":"3 Sentries","floor":8.0,"turns":7.0},{"damage":1.0,"enemies":"Lagavulin","floor":12.0,"turns":6.0},{"damage":11.0,"enemies":"Small Slimes","floor":14.0,"turns":3.0},{"damage":30.0,"enemies":"The Guardian","floor":16.0,"turns":7.0},{"damage":12.0,"enemies":"2 Thieves","floor":18.0,"turns":4.0},{"damage":32.0,"enemies":"Spheric Guardian","floor":20.0,"turns":5.0},{"damage":21.0,"enemies":"Centurion and Healer","floor":21.0,"turns":6.0},{"damage":14.0,"enemies":"Gremlin Leader","floor":23.0,"turns":6.0},{"damage":2,"enemies":"Snecko","floor":25,"turns":5},{"damage":30,"enemies":"Sentry and Sphere","floor":27,"turns":4},{"damage":32,"enemies":"Book of Stabbing","floor":28,"turns":3}],"seed_played":"7733753077599012037","potions_obtained":[{"floor":6.0,"key":"FocusPotion"},{"floor":8.0,"key":"SteroidPotion"},{"floor":14.0,"key":"PowerPotion"},{"floor":16.0,"key":"EssenceOfDarkness"},{"floor":20.0,"key":"DistilledChaos"},{"floor":25,"key":"GamblersBrew"},{"floor":27,"key":"Ancient Potion"}],"is_trial":false,"path_per_floor":["M","$","?","?","?","E","M","E","T","?","?","E","$","M","R","B",null,"M","$","M","M","T","E","R","M","T","M","E"],"character_chosen":"DEFECT","items_purchased":["Dark Shackles","Lee\u0027s Waffle","Defragment"],"campfire_rested":1,"item_purchase_floors":[2,13,19],"current_hp_per_floor":[75,75,75,60,60,60,60,3,3,3,21,20,82,71,80,50,82,70,82,50,29,29,15,51,49,49,19,0],"gold":170,"neow_bonus":"THREE_ENEMY_KILL","is_prod":false,"is_daily":false,"chose_seed":false,"campfire_upgraded":1,"win_rate":0,"timestamp":1675047564,"path_taken":["M","$","?","?","?","E","M","E","T","?","?","E","?","M","R","BOSS","M","$","M","M","?","E","R","M","T","M","E"],"build_version":"2022-12-18","purchased_purges":0,"victory":false,"max_hp_per_floor":[75,75,75,75,75,75,75,75,75,75,75,75,82,82,82,82,82,82,82,82,82,82,82,82,82,82,82,82],"card_choices":[{"not_picked":["Rebound","Redo"],"picked":"Static Discharge","floor":1.0},{"not_picked":["Compile Driver","Streamline"],"picked":"Storm","floor":6.0},{"not_picked":["Stack","Barrage"],"picked":"BootSequence","floor":7.0},{"not_picked":["Conserve Battery","Blizzard"],"picked":"Turbo","floor":8.0},{"not_picked":["Sweeping Beam","Rebound"],"picked":"Redo","floor":12.0},{"not_picked":["Rebound","Multi-Cast","Sweeping Beam"],"picked":"SKIP","floor":14.0},{"not_picked":["Creative AI","Amplify"],"picked":"Echo Form","floor":16.0},{"not_picked":["Steam Power+1","Rip and Tear"],"picked":"Force Field","floor":18.0},{"not_picked":["Compile Driver","Go for the Eyes"],"picked":"FTL","floor":20.0},{"not_picked":["Sunder","BootSequence"],"picked":"Barrage+1","floor":21.0},{"not_picked":["Reprogram+1","Darkness"],"picked":"Redo+1","floor":23},{"not_picked":["Double Energy","Hello World+1"],"picked":"Coolheaded","floor":25},{"not_picked":["Sunder","Conserve Battery"],"picked":"Chill+1","floor":27}],"player_experience":1202988,"relics_obtained":[{"floor":6.0,"key":"Tiny Chest"},{"floor":8.0,"key":"Eternal Feather"},{"floor":9.0,"key":"MealTicket"},{"floor":12.0,"key":"Centennial Puzzle"},{"floor":22.0,"key":"DataDisk"},{"floor":26,"key":"Lantern"}],"event_choices":[{"damage_healed":0.0,"max_hp_gain":0.0,"max_hp_loss":0.0,"gold_gain":0.0,"cards_transformed":["Strike_B"],"event_name":"Living Wall","player_choice":"Change","floor":3.0,"gold_loss":0.0,"damage_taken":0.0,"cards_obtained":["Creative AI"]},{"damage_healed":0.0,"max_hp_gain":0.0,"max_hp_loss":0.0,"gold_gain":0.0,"event_name":"Shining Light","player_choice":"Entered Light","floor":4.0,"gold_loss":0.0,"damage_taken":15.0,"cards_upgraded":["Defend_B","Strike_B"]},{"damage_healed":0.0,"max_hp_gain":0.0,"max_hp_loss":0.0,"gold_gain":0.0,"event_name":"Liars Game","player_choice":"Ignored","floor":5.0,"gold_loss":0.0,"damage_taken":0.0},{"damage_healed":0.0,"max_hp_gain":0.0,"max_hp_loss":0.0,"gold_gain":0.0,"event_name":"Golden Idol","player_choice":"Ignored","floor":10.0,"gold_loss":0.0,"damage_taken":0.0},{"damage_healed":18.0,"max_hp_gain":0.0,"max_hp_loss":0.0,"gold_gain":0.0,"event_name":"Mushrooms","player_choice":"Healed and dodged fight","floor":11.0,"gold_loss":0.0,"damage_taken":0.0,"cards_obtained":["Parasite"]}],"is_beta":false,"boss_relics":[{"not_picked":["Snecko Eye","SacredBark"],"picked":"Fusion Hammer"}],"items_purged_floors":[],"is_endless":false,"potions_floor_spawned":[6,8,14,16,20,21,25,27],"killed_by":"Book of Stabbing","ascension_level":4}