{"gold_per_floor":[118,28,43,17,17,17,43,43,118,144,154,154,170,245,245,324,324,338,349,7,7,19,19,48,66,91,111,123,123],"floor_reached":29,"playtime":1601,"items_purged":["Creative AI"],"score":510,"play_id":"fcb3d393-bf9a-45c2-a74a-2fa5e28704eb","local_time":"20230129195055","is_ascension_mode":true,"campfire_choices":[{"data":"Defragment","floor":6,"key":"SMITH"},{"floor":8,"key":"REST"},{"floor":12,"key":"REST"},{"floor":15,"key":"REST"},{"floor":23,"key":"REST"}],"neow_cost":"NONE","seed_source_timestamp":408489941472800,"circlet_count":0,"master_deck":["AscendersBane","Zap","Dualcast","Defragment+1","Undo","Ball Lightning","Hologram","Machine Learning","Redo","Steam Power","Sweeping Beam","Chill","Capacitor","Echo Form","Cold Snap","Fission","Hologram","Sweeping Beam","Redo","Thunder Strike","Turbo","Doom and Gloom","Cold Snap","Steam","Defragment","Reboot","Cold Snap","Barrage","Conserve Battery","Double Energy+1","Static Discharge","Multi-Cast"],"relics":["Cracked Core","Regal Pillow","Prayer Wheel","Cables","Smiling Mask","Pandora\u0027s Box","Meat on the Bone","Toy Ornithopter"],"potions_floor_usage":[10,18,18,19,27,28],"damage_taken":[{"damage":4,"enemies":"2 Louse","floor":1,"turns":3},{"damage":12,"enemies":"Jaw Worm","floor":3,"turns":4},{"damage":27,"enemies":"Lagavulin","floor":7,"turns":7},{"damage":36,"enemies":"Gremlin Nob","floor":10,"turns":4},{"damage":1,"enemies":"Small Slimes","floor":11,"turns":3},{"damage":19,"enemies":"3 Louse","floor":13,"turns":3},{"damage":30,"enemies":"Slime Boss","floor":16,"turns":9},{"damage":0,"enemies":"2 Thieves","floor":18,"turns":4},{"damage":38,"enemies":"Shell Parasite","floor":19,"turns":8},{"damage":4,"enemies":"Snecko","floor":22,"turns":8},{"damage":16,"enemies":"Book of Stabbing","floor":24,"turns":7},{"damage":0,"enemies":"Sentry and Sphere","floor":25,"turns":9},{"damage":9,"enemies":"Shelled Parasite and Fungi","floor":27,"turns":7},{"damage":38,"enemies":"3 Cultists","floor":28,"turns":6},{"damage":30,"enemies":"Slavers","floor":29,"turns":1}],"seed_played":"7302134161318314064","potions_obtained":[{"floor":3,"key":"SteroidPotion"},{"floor":7,"key":"SneckoOil"},{"floor":16,"key":"Energy Potion"},{"floor":18,"key":"Swift Potion"},{"floor":24,"key":"Weak Potion"},{"floor":27,"key":"SneckoOil"}],"is_trial":false,"path_per_floor":["M","$","M","$","?","R","E","R","T","E","M","R","M","?","R","B",null,"M","M","$","?","M","R","E","M","T","M","M","E"],"character_chosen":"DEFECT","items_purchased":["Undo","Hologram","Defragment","Reboot","Cold Snap"],"campfire_rested":4,"item_purchase_floors":[2,4,20,20,20],"current_hp_per_floor":[60,60,48,48,48,48,21,57,57,21,20,56,37,26,62,32,61,61,23,23,23,19,55,39,39,39,47,26,0],"gold":123,"neow_bonus":"RANDOM_COMMON_RELIC","is_prod":false,"is_daily":false,"chose_seed":false,"campfire_upgraded":1,"win_rate":0,"timestamp":1675039855,"path_taken":["M","$","M","$","?","R","E","R","T","E","M","R","M","?","R","BOSS","M","M","$","?","M","R","E","M","T","M","M","E"],"build_version":"2022-12-18","purchased_purges":1,"victory":false,"max_hp_per_floor":[71,71,71,71,71,71,71,71,71,71,71,71,71,71,71,71,71,71,71,71,71,71,71,71,71,71,71,71,71],"card_choices":[{"not_picked":["Barrage","Sweeping Beam"],"picked":"Defragment","floor":1},{"not_picked":["Streamline","Blizzard"],"picked":"Ball Lightning","floor":3},{"not_picked":["White Noise","Barrage"],"picked":"Machine Learning","floor":7},{"not_picked":["Rebound","Hologram"],"picked":"Redo","floor":10},{"not_picked":["BootSequence","Chill"],"picked":"Steam Power","floor":11},{"not_picked":["Turbo","Go for the Eyes"],"picked":"Sweeping Beam","floor":11},{"not_picked":["Conserve Battery","Compile Driver"],"picked":"Chill","floor":13},{"not_picked":["Sunder","Rainbow"],"picked":"Capacitor","floor":13},{"not_picked":["Multi-Cast","Meteor Strike"],"picked":"Echo Form","floor":16},{"not_picked":["Compile Driver+1","Coolheaded"],"picked":"Doom and Gloom","floor":18},{"not_picked":["Steam Power","Turbo","FTL"],"picked":"SKIP","floor":18},{"not_picked":["Skim","Turbo"],"picked":"Cold Snap","floor":19},{"not_picked":["FTL","Hologram"],"picked":"Steam","floor":19},{"not_picked":["Cold Snap","Rebound"],"picked":"Barrage","floor":22},{"not_picked":["Turbo","Capacitor","Ball Lightning"],"picked":"SKIP","floor":22},{"not_picked":["Rip and Tear","Glacier+1"],"picked":"Conserve Battery","floor":24},{"not_picked":["Leap","Creative AI","Coolheaded"],"picked":"SKIP","floor":25},{"not_picked":["Doom and Gloom","Steam","Reinforced Body+1"],"picked":"SKIP","floor":25},{"not_picked":["Coolheaded","Stack"],"picked":"Double Energy+1","floor":27},{"not_picked":["Compile Driver","Barrage"],"picked":"Static Discharge","floor":27},{"not_picked":["Aggregate","Skim"],"picked":"Multi-Cast","floor":28},{"not_picked":["Redo","White Noise","Conserve Battery"],"picked":"SKIP","floor":28}],"player_experience":1200482,"relics_obtained":[{"floor":7,"key":"Prayer Wheel"},{"floor":9,"key":"Cables"},{"floor":10,"key":"Smiling Mask"},{"floor":24,"key":"Meat on the Bone"},{"floor":26,"key":"Toy Ornithopter"}],"event_choices":[{"damage_healed":0,"gold_gain":0,"player_choice":"Ignored","damage_taken":0,"max_hp_gain":0,"max_hp_loss":0,"event_name":"Liars Game","floor":5,"gold_loss":0},{"damage_healed":0,"gold_gain":75,"player_choice":"Gather Gold","damage_taken":11,"max_hp_gain":0,"max_hp_loss":0,"event_name":"World of Goop","floor":14,"gold_loss":0}],"is_beta":false,"boss_relics":[{"not_picked":["Snecko Eye","Fusion Hammer"],"picked":"Pandora\u0027s Box"}],"items_purged_floors":[20],"is_endless":false,"potions_floor_spawned":[3,7,16,18,24,27],"killed_by":"Slavers","ascension_level":20}