{"gold_per_floor":[116,135,135,149,149,181,17,17,17,29,29,43,43,43,43,147,147,166,185,185,202,220,220,231,85,85,95,130,130,159,173,173,268,268,288,306,321,291,301,336,127,154,202,214,214,225,74,85,85,85],"floor_reached":51,"playtime":4888,"items_purged":["Defend_B","Strike_B","Strike_B","Strike_B"],"score":828,"play_id":"1f856191-c857-4346-987e-1cda88599cc6","local_time":"20230323180611","is_ascension_mode":false,"campfire_choices":[{"data":"Defragment","floor":8,"key":"SMITH"},{"floor":15,"key":"REST"},{"floor":23,"key":"REST"},{"data":"Fission","floor":32,"key":"SMITH"},{"floor":45,"key":"REST"},{"floor":49,"key":"REST"}],"neow_cost":"NONE","seed_source_timestamp":742378707703600,"circlet_count":0,"master_deck":["Defend_B","Defend_B+1","Zap","Dualcast","Thunder Strike","Steam+1","Static Discharge","Force Field","Rip and Tear","Coolheaded","Defragment+1","Cold Snap","Electrodynamics+1","Coolheaded","Hologram+1","Core Surge","Steam Power","Recycle","Fission+1","Tempest+1","Reinforced Body","Self Repair","Aggregate+1","Go for the Eyes+1","Lockon","Meteor Strike+1","Undo+1","Double Energy+1","Consume","Tempest+1","Biased Cognition","Loop+1"],"relics":["Cracked Core","Prayer Wheel","FossilizedHelix","Nuclear Battery","Darkstone Periapt","Vajra","Omamori","Art of War","Inserter","Bag of Preparation","Membership Card","Gambling Chip","War Paint","Whetstone"],"potions_floor_usage":[6,16,24,33,40,50,50],"damage_taken":[{"damage":7,"enemies":"2 Louse","floor":1,"turns":3},{"damage":0,"enemies":"Small Slimes","floor":2,"turns":3},{"damage":10,"enemies":"Jaw Worm","floor":4,"turns":4},{"damage":24,"enemies":"Gremlin Nob","floor":6,"turns":5},{"damage":2,"enemies":"Blue Slaver","floor":10,"turns":3},{"damage":6,"enemies":"3 Louse","floor":12,"turns":2},{"damage":0,"enemies":"Slime Boss","floor":16,"turns":6},{"damage":13,"enemies":"3 Byrds","floor":18,"turns":3},{"damage":22,"enemies":"2 Thieves","floor":19,"turns":3},{"damage":21,"enemies":"Shelled Parasite and Fungi","floor":21,"turns":5},{"damage":1,"enemies":"Snecko","floor":22,"turns":5},{"damage":0,"enemies":"Cultist and Chosen","floor":24,"turns":4},{"damage":0,"enemies":"Centurion and Healer","floor":27,"turns":4},{"damage":0,"enemies":"Gremlin Leader","floor":28,"turns":6},{"damage":0,"enemies":"Book of Stabbing","floor":30,"turns":1},{"damage":0,"enemies":"Shelled Parasite and Fungi","floor":31,"turns":4},{"damage":34,"enemies":"Champ","floor":33,"turns":8},{"damage":0,"enemies":"Orb Walker","floor":35,"turns":2},{"damage":25,"enemies":"3 Darklings","floor":36,"turns":5},{"damage":7,"enemies":"Jaw Worm Horde","floor":37,"turns":4},{"damage":1,"enemies":"Spire Growth","floor":39,"turns":4},{"damage":50,"enemies":"Giant Head","floor":40,"turns":13},{"damage":0,"enemies":"Reptomancer","floor":42,"turns":3},{"damage":0,"enemies":"Sphere and 2 Shapes","floor":44,"turns":1},{"damage":0,"enemies":"Writhing Mass","floor":46,"turns":3},{"damage":0,"enemies":"Maw","floor":48,"turns":6},{"damage":13,"enemies":"Awakened One","floor":50,"turns":9}],"seed_played":"-967565776533782814","potions_obtained":[{"floor":1,"key":"Ancient Potion"},{"floor":2,"key":"CultistPotion"},{"floor":4,"key":"PowerPotion"},{"floor":16,"key":"FairyPotion"},{"floor":18,"key":"Fire Potion"},{"floor":22,"key":"Regen Potion"},{"floor":31,"key":"Swift Potion"},{"floor":33,"key":"PotionOfCapacity"},{"floor":36,"key":"GamblersBrew"},{"floor":46,"key":"Block Potion"}],"is_trial":false,"path_per_floor":["M","M","?","M","?","E","$","R","T","M","?","M","$","?","R","B",null,"M","M","?","M","M","R","M","$","T","M","E","?","E","M","R","B",null,"M","M","M","?","M","E","$","E","T","M","R","M","$","M","R","B",null],"character_chosen":"DEFECT","basemod:card_modifiers":[null,null,null,null,null,null,null,null,null,null,null,null,null,null,null,null,null,null,null,null,null,null,null,null,null,null,null,null,null,null,null,null],"items_purchased":["Defragment","Cold Snap","Go for the Eyes","Membership Card","Whetstone"],"campfire_rested":4,"item_purchase_floors":[7,7,25,41,47],"current_hp_per_floor":[68,68,68,58,58,34,34,34,34,32,32,26,26,11,33,33,75,62,40,40,19,18,40,59,59,59,59,66,66,66,73,73,46,75,75,57,57,57,56,13,13,20,20,20,42,42,42,49,71,58],"gold":85,"neow_bonus":"ONE_RANDOM_RARE_CARD","is_prod":false,"is_daily":false,"chose_seed":false,"campfire_upgraded":2,"win_rate":0,"timestamp":1679609171,"path_taken":["M","M","?","M","?","E","$","R","T","M","?","?","$","?","R","BOSS","M","M","?","?","M","R","M","$","T","M","E","?","E","M","R","BOSS","M","M","M","?","M","E","$","E","T","?","R","M","$","M","R","BOSS"],"build_version":"2022-12-18","purchased_purges":4,"victory":true,"max_hp_per_floor":[75,75,75,75,75,75,75,75,75,75,75,75,75,75,75,75,75,75,75,75,75,75,75,75,75,75,75,75,75,75,75,75,75,75,75,75,75,75,75,75,75,75,75,75,75,75,75,75,75,75],"card_choices":[{"not_picked":["Scrape","Turbo"],"picked":"Steam","floor":1},{"not_picked":["Ball Lightning","Sunder"],"picked":"Static Discharge","floor":2},{"not_picked":["Stack","Darkness"],"picked":"Rip and Tear","floor":4},{"not_picked":["Steam","Double Energy"],"picked":"Coolheaded","floor":6},{"not_picked":["Stack","Aggregate"],"picked":"Electrodynamics","floor":10},{"not_picked":["Steam","Conserve Battery"],"picked":"Coolheaded","floor":10},{"not_picked":["Sweeping Beam","Barrage"],"picked":"Hologram","floor":12},{"not_picked":["BootSequence","Stack","Force Field"],"picked":"SKIP","floor":12},{"not_picked":["Echo Form","Buffer"],"picked":"Core Surge","floor":16},{"not_picked":["Sweeping Beam","Gash"],"picked":"Steam Power","floor":18},{"not_picked":["Hologram","Hello World"],"picked":"Recycle","floor":18},{"not_picked":["Rebound","Stack+1"],"picked":"Fission","floor":19},{"not_picked":["Compile Driver","Turbo"],"picked":"Tempest+1","floor":19},{"not_picked":["Gash","Compile Driver"],"picked":"Reinforced Body","floor":21},{"not_picked":["Ball Lightning","Doom and Gloom+1","Compile Driver+1"],"picked":"SKIP","floor":21},{"not_picked":["Auto Shields","Scrape+1"],"picked":"Self Repair","floor":22},{"not_picked":["Skim","Redo","Coolheaded"],"picked":"SKIP","floor":22},{"not_picked":["Stack","Ball Lightning+1"],"picked":"Aggregate+1","floor":24},{"not_picked":["Recycle","Heatsinks+1","Hologram"],"picked":"SKIP","floor":24},{"not_picked":["White Noise","Hologram"],"picked":"Lockon","floor":27},{"not_picked":["Coolheaded","Beam Cell","Rebound"],"picked":"SKIP","floor":27},{"not_picked":["Gash+1","Coolheaded"],"picked":"Meteor Strike","floor":28},{"not_picked":["Steam","Turbo","Static Discharge"],"picked":"SKIP","floor":30},{"not_picked":["Turbo","Doom and Gloom"],"picked":"Undo+1","floor":31},{"not_picked":["Skim","Redo","Darkness"],"picked":"SKIP","floor":31},{"not_picked":["Melter","Redo","Leap"],"picked":"SKIP","floor":35},{"not_picked":["Conserve Battery+1","Cold Snap+1","Melter"],"picked":"SKIP","floor":35},{"not_picked":["Melter","Redo","Leap"],"picked":"SKIP","floor":35},{"not_picked":["Conserve Battery+1","Cold Snap+1","Melter"],"picked":"SKIP","floor":35},{"not_picked":["Chill","Aggregate"],"picked":"Double Energy+1","floor":36},{"not_picked":["Compile Driver+1","BootSequence","FTL"],"picked":"SKIP","floor":36},{"not_picked":["Conserve Battery+1","Scrape"],"picked":"Consume","floor":37},{"not_picked":["Reprogram+1","Chaos","Beam Cell"],"picked":"SKIP","floor":37},{"not_picked":["Force Field+1","Chaos","Hologram+1"],"picked":"SKIP","floor":39},{"not_picked":["Go for the Eyes","Beam Cell+1","Skim+1"],"picked":"SKIP","floor":39},{"not_picked":["Defragment+1","Steam"],"picked":"Tempest+1","floor":40},{"not_picked":["Melter","Streamline+1","Rebound"],"picked":"SKIP","floor":42},{"not_picked":["Redo","Barrage"],"picked":"Biased Cognition","floor":44},{"not_picked":["Streamline","Fusion","Ball Lightning+1"],"picked":"SKIP","floor":44},{"not_picked":["Gash+1","Genetic Algorithm+1","Redo+1"],"picked":"SKIP","floor":46},{"not_picked":["Compile Driver","Cold Snap+1","Darkness+1"],"picked":"SKIP","floor":46},{"not_picked":["Double Energy+1","Chill+1"],"picked":"Loop+1","floor":48},{"not_picked":["Steam","Hologram","Rebound+1"],"picked":"SKIP","floor":48}],"player_experience":1319504,"relics_obtained":[{"floor":6,"key":"Prayer Wheel"},{"floor":9,"key":"FossilizedHelix"},{"floor":26,"key":"Darkstone Periapt"},{"floor":28,"key":"Vajra"},{"floor":30,"key":"Art of War"},{"floor":40,"key":"Bag of Preparation"},{"floor":42,"key":"Gambling Chip"},{"floor":43,"key":"War Paint"}],"event_choices":[{"damage_healed":0,"gold_gain":0,"cards_transformed":["Defend_B"],"player_choice":"Change","damage_taken":0,"max_hp_gain":0,"max_hp_loss":0,"event_name":"Living Wall","floor":3,"gold_loss":0,"cards_obtained":["Force Field"]},{"damage_healed":0,"gold_gain":0,"player_choice":"Ignored","damage_taken":0,"max_hp_gain":0,"max_hp_loss":0,"event_name":"Liars Game","floor":5,"gold_loss":0},{"damage_healed":0,"gold_gain":0,"player_choice":"Searched \u00270\u0027 times","damage_taken":0,"max_hp_gain":0,"max_hp_loss":0,"event_name":"Dead Adventurer","floor":11,"gold_loss":0},{"damage_healed":0,"gold_gain":0,"player_choice":"Entered Light","damage_taken":15,"max_hp_gain":0,"max_hp_loss":0,"event_name":"Shining Light","floor":14,"gold_loss":0,"cards_upgraded":["Defend_B","Electrodynamics"]},{"cards_removed":["Strike_B"],"damage_healed":0,"gold_gain":0,"player_choice":"Offered Basic","damage_taken":0,"max_hp_gain":0,"max_hp_loss":0,"event_name":"Bonfire Elementals","floor":20,"gold_loss":0},{"damage_healed":0,"gold_gain":0,"player_choice":"Gave Potion","damage_taken":0,"relics_obtained":["Omamori"],"max_hp_gain":0,"max_hp_loss":0,"event_name":"WeMeetAgain","floor":29,"gold_loss":0},{"damage_healed":0,"gold_gain":0,"player_choice":"Bought 2 Potions","damage_taken":0,"max_hp_gain":0,"max_hp_loss":0,"event_name":"The Woman in Blue","floor":38,"gold_loss":0}],"is_beta":false,"boss_relics":[{"not_picked":["Busted Crown","Velvet Choker"],"picked":"Nuclear Battery"},{"not_picked":["Astrolabe","Calling Bell"],"picked":"Inserter"}],"items_purged_floors":[7,25,41,47],"is_endless":false,"potions_floor_spawned":[1,2,4,16,18,21,22,31,33,36,39,46],"ascension_level":0}