{"gold_per_floor":[113,44,59,76,96,119,134,166,166,166,194,194,194,214,214,312,312,329,161,161,171,186,220,220,237,237,254,254,269,287,301,301,404,404,421,435,147,161,174,201,217,236,236,85,97,147,147,162,162,162],"floor_reached":51,"playtime":3455,"items_purged":["Strike_B","Strike_B"],"score":754,"play_id":"672abfca-8aa6-468e-9c1f-a8649f4ba8ca","local_time":"20230405215712","is_ascension_mode":false,"campfire_choices":[{"floor":12,"key":"REST"},{"floor":15,"key":"REST"},{"data":"Seek","floor":24,"key":"SMITH"},{"data":"Sunder","floor":28,"key":"SMITH"},{"data":"Discovery","floor":32,"key":"SMITH"},{"floor":49,"key":"REST"}],"neow_cost":"TEN_PERCENT_HP_LOSS","seed_source_timestamp":112646280144000,"circlet_count":0,"master_deck":["Strike_B","Strike_B","Defend_B","Defend_B+1","Zap","Dualcast","Ball Lightning","Sunder+1","Sweeping Beam","Leap","Tempest","Skim+1","Seek+1","Streamline","Biased Cognition+1","Redo+1","Discovery+1","Disarm+1","Static Discharge+1","Meteor Strike","Hologram","Recycle+1","Clumsy","Go for the Eyes","Coolheaded+1","Chill","Creative AI+1","Heatsinks+1","Static Discharge+1","Core Surge","Turbo","Reinforced Body+1","Clumsy","Core Surge","Madness","Madness"],"relics":["Cracked Core","Oddly Smooth Stone","Anchor","Question Card","Frozen Egg 2","Cursed Key","Strawberry","DataDisk","Fusion Hammer","TheAbacus","Dream Catcher","Kunai","DollysMirror","CaptainsWheel"],"potions_floor_usage":[8,11,13,33,33,35,39,50,50],"damage_taken":[{"damage":1,"enemies":"Cultist","floor":1,"turns":3},{"damage":0,"enemies":"Small Slimes","floor":3,"turns":2},{"damage":0,"enemies":"2 Louse","floor":4,"turns":1},{"damage":7,"enemies":"Exordium Thugs","floor":5,"turns":3},{"damage":0,"enemies":"Lots of Slimes","floor":7,"turns":2},{"damage":18,"enemies":"Lagavulin","floor":8,"turns":3},{"damage":18,"enemies":"3 Sentries","floor":11,"turns":4},{"damage":14,"enemies":"Gremlin Nob","floor":13,"turns":3},{"damage":6,"enemies":"Gremlin Gang","floor":14,"turns":3},{"damage":15,"enemies":"Slime Boss","floor":16,"turns":9},{"damage":0,"enemies":"2 Thieves","floor":18,"turns":2},{"damage":0,"enemies":"3 Byrds","floor":21,"turns":4},{"damage":0,"enemies":"Snake Plant","floor":22,"turns":2},{"damage":8,"enemies":"Gremlin Leader","floor":23,"turns":4},{"damage":2,"enemies":"Cultist and Chosen","floor":25,"turns":3},{"damage":0,"enemies":"Centurion and Healer","floor":27,"turns":4},{"damage":14,"enemies":"Sentry and Sphere","floor":29,"turns":3},{"damage":0,"enemies":"Chosen and Byrds","floor":30,"turns":4},{"damage":0,"enemies":"Snake Plant","floor":31,"turns":2},{"damage":27,"enemies":"Champ","floor":33,"turns":10},{"damage":2,"enemies":"3 Darklings","floor":35,"turns":4},{"damage":6,"enemies":"Orb Walker","floor":36,"turns":3},{"damage":16,"enemies":"3 Darklings","floor":38,"turns":7},{"damage":1,"enemies":"Jaw Worm Horde","floor":39,"turns":4},{"damage":0,"enemies":"Giant Head","floor":40,"turns":11},{"damage":20,"enemies":"Sphere and 2 Shapes","floor":41,"turns":4},{"damage":0,"enemies":"Transient","floor":42,"turns":5},{"damage":0,"enemies":"4 Shapes","floor":45,"turns":4},{"damage":0,"enemies":"Mind Bloom Boss Battle","floor":46,"turns":6},{"damage":6,"enemies":"Spire Growth","floor":48,"turns":5},{"damage":33,"enemies":"Time Eater","floor":50,"turns":6}],"seed_played":"8150291171405016898","potions_obtained":[{"floor":4,"key":"SneckoOil"},{"floor":5,"key":"SmokeBomb"},{"floor":8,"key":"BlessingOfTheForge"},{"floor":23,"key":"FairyPotion"},{"floor":27,"key":"SteroidPotion"},{"floor":30,"key":"Weak Potion"},{"floor":33,"key":"DistilledChaos"},{"floor":38,"key":"Regen Potion"},{"floor":39,"key":"Dexterity Potion"},{"floor":40,"key":"FocusPotion"}],"is_trial":false,"path_per_floor":["M","$","M","M","M","T","M","E","T","?","E","R","E","M","R","B",null,"M","$","?","M","M","E","R","M","T","M","R","M","M","M","R","B",null,"M","M","$","M","M","E","M","M","T","$","M","?","?","M","R","B",null],"character_chosen":"DEFECT","basemod:card_modifiers":[null,null,null,null,null,null,null,null,null,null,null,null,null,null,null,null,null,null,null,null,null,null,null,null,null,null,null,null,null,null,null,null,null,null,null,null],"items_purchased":["Sunder","Discovery","TheAbacus","Static Discharge+1","DollysMirror"],"campfire_rested":3,"item_purchase_floors":[2,19,37,37,44],"current_hp_per_floor":[67,67,67,67,60,60,60,42,42,28,10,30,16,10,30,15,68,68,68,68,68,68,67,67,65,65,65,65,51,51,51,51,24,75,73,67,67,51,59,59,39,39,39,39,39,39,30,24,46,13],"gold":162,"neow_bonus":"REMOVE_TWO","is_prod":false,"is_daily":false,"chose_seed":false,"campfire_upgraded":3,"win_rate":0,"timestamp":1680746232,"path_taken":["M","$","M","M","M","?","M","E","T","?","E","R","E","M","R","BOSS","M","$","?","M","M","E","R","M","T","M","R","M","M","?","R","BOSS","M","M","$","M","?","E","?","?","T","$","M","?","?","M","R","BOSS"],"build_version":"2022-12-18","purchased_purges":2,"victory":true,"max_hp_per_floor":[68,68,68,68,68,68,68,68,68,68,68,68,68,68,68,68,68,68,68,68,68,68,75,75,75,75,75,75,75,75,75,75,75,75,75,75,75,75,75,75,75,75,75,75,75,75,75,75,75,75],"card_choices":[{"not_picked":["Streamline","Self Repair"],"picked":"Ball Lightning","floor":1},{"not_picked":["Consume","Compile Driver"],"picked":"Sweeping Beam","floor":3},{"not_picked":["BootSequence","Steam"],"picked":"Leap","floor":4},{"not_picked":["Genetic Algorithm","Hologram"],"picked":"Tempest","floor":5},{"not_picked":["Melter","Storm","Conserve Battery"],"picked":"SKIP","floor":7},{"not_picked":["Steam Power","Self Repair"],"picked":"Skim","floor":8},{"not_picked":["Barrage","Rebound","Lockon"],"picked":"Seek","floor":11},{"not_picked":["Ball Lightning","Blizzard","Coolheaded"],"picked":"Streamline","floor":14},{"not_picked":["Multi-Cast","Seek","Creative AI+1"],"picked":"Biased Cognition+1","floor":16},{"not_picked":["Leap","Storm+1","Turbo"],"picked":"Redo+1","floor":18},{"not_picked":["FTL","Skim+1","Self Repair+1"],"picked":"Static Discharge+1","floor":21},{"not_picked":["Go for the Eyes+1","Stack","Leap"],"picked":"Meteor Strike","floor":22},{"not_picked":["Barrage","Redo","Meteor Strike"],"picked":"Hologram","floor":23},{"not_picked":["Stack","Go for the Eyes","Tempest+1"],"picked":"Recycle+1","floor":25},{"not_picked":["Consume","Heatsinks+1","Go for the Eyes","Ball Lightning"],"picked":"SKIP","floor":27},{"not_picked":["Stack","Leap","White Noise+1"],"picked":"Go for the Eyes","floor":29},{"not_picked":["Gash","Hologram","Streamline"],"picked":"Coolheaded+1","floor":30},{"not_picked":["Streamline","Force Field+1","Steam Power"],"picked":"Chill","floor":31},{"not_picked":["Biased Cognition+1","Rainbow","Reboot"],"picked":"Creative AI+1","floor":33},{"not_picked":["Lockon","Barrage+1","Stack","Genetic Algorithm+1"],"picked":"SKIP","floor":35},{"not_picked":["Sweeping Beam+1","Barrage","Leap+1"],"picked":"Heatsinks+1","floor":36},{"not_picked":["Genetic Algorithm","Hologram","Reprogram","Beam Cell+1"],"picked":"SKIP","floor":38},{"not_picked":["Compile Driver+1","Rebound+1","Genetic Algorithm+1","Doom and Gloom+1"],"picked":"SKIP","floor":39},{"not_picked":["Redo+1","Barrage+1","Hologram"],"picked":"Core Surge","floor":40},{"not_picked":["Undo+1","Redo+1","Conserve Battery"],"picked":"Turbo","floor":41},{"not_picked":["Rebound","Beam Cell+1","Fusion+1"],"picked":"Reinforced Body+1","floor":42},{"not_picked":["Sweeping Beam","Barrage","Leap","Go for the Eyes"],"picked":"SKIP","floor":45},{"not_picked":["Blizzard","Chaos","Go for the Eyes+1","FTL+1"],"picked":"SKIP","floor":48}],"player_experience":1374834,"relics_obtained":[{"floor":6,"key":"Oddly Smooth Stone"},{"floor":8,"key":"Anchor"},{"floor":9,"key":"Question Card"},{"floor":11,"key":"Frozen Egg 2"},{"floor":23,"key":"Strawberry"},{"floor":26,"key":"DataDisk"},{"floor":40,"key":"Dream Catcher"},{"floor":43,"key":"Kunai"},{"floor":46,"key":"CaptainsWheel"}],"event_choices":[{"damage_healed":0,"gold_gain":0,"player_choice":"Entered Light","damage_taken":14,"max_hp_gain":0,"max_hp_loss":0,"event_name":"Shining Light","floor":10,"gold_loss":0,"cards_upgraded":["Skim","Defend_B"]},{"cards_removed":["Strike_B"],"damage_healed":0,"gold_gain":0,"player_choice":"Take \u0026 Give","damage_taken":0,"max_hp_gain":0,"max_hp_loss":0,"event_name":"betterNote:BetterNote","floor":20,"gold_loss":0,"cards_obtained":["Disarm"]},{"damage_healed":0,"gold_gain":0,"player_choice":"Fight","damage_taken":0,"max_hp_gain":0,"max_hp_loss":0,"event_name":"MindBloom","floor":46,"gold_loss":0},{"damage_healed":0,"gold_gain":0,"player_choice":"Embrace Madness","damage_taken":9,"max_hp_gain":0,"max_hp_loss":0,"event_name":"Winding Halls","floor":47,"gold_loss":0,"cards_obtained":["Madness","Madness"]}],"is_beta":false,"boss_relics":[{"not_picked":["SacredBark","Tiny House"],"picked":"Cursed Key"},{"not_picked":["Nuclear Battery","FrozenCore"],"picked":"Fusion Hammer"}],"items_purged_floors":[19,37],"is_endless":false,"potions_floor_spawned":[4,5,8,23,27,30,31,33,38,39,40,45,48],"ascension_level":0}