{
  "neow_bonuses_skipped_log": ["TEN_PERCENT_HP_BONUS"],
  "neow_costs_skipped_log": ["NONE"],
  "potions_obtained_entropic_brew": [
    [],
    [],
    [],
    [],
    [],
    [],
    [],
    [],
    [],
    [],
    [],
    [],
    [],
    [],
    [],
    []
  ],
  "gold_per_floor": [
    113, 124, 14, 27, 46, 46, 74, 91, 91, 91, 109, 138, 148, 176, 176, 176
  ],
  "floor_reached": 16,
  "playtime": 1722,
  "items_purged": [],
  "score": 248,
  "play_id": "b50705fa-6e02-455d-99d8-2729f665bc81",
  "local_time": "20230615110330",
  "score_breakdown": [
    "Floors Climbed (16): 80",
    "Enemies Slain (7): 14",
    "Exordium Elites Killed (3): 30",
    "Bosses Slain (0): 0",
    "Ascension (20): 124"
  ],
  "is_ascension_mode": true,
  "potions_obtained_alchemize": [
    [],
    [],
    [],
    [],
    [],
    [],
    [],
    [],
    [],
    [],
    [],
    [],
    [],
    [],
    [],
    []
  ],
  "campfire_choices": [
    { "data": "Biased Cognition", "floor": 6, "key": "SMITH" },
    { "data": "Glacier", "floor": 10, "key": "SMITH" },
    { "floor": 15, "key": "REST" }
  ],
  "lesson_learned_per_floor": [
    [],
    [],
    [],
    [],
    [],
    [],
    [],
    [],
    [],
    [],
    [],
    [],
    [],
    [],
    [],
    []
  ],
  "neow_cost": "NONE",
  "improvable_cards": {},
  "seed_source_timestamp": 1549278162236200,
  "shop_contents": [
    {
      "floor": 3,
      "relics": ["Turnip", "Peace Pipe", "PrismaticShard"],
      "cards": ["Compile Driver", "Recycle", "Storm", "Panacea", "Panache"],
      "potions": ["DistilledChaos", "DistilledChaos", "Explosive Potion"]
    }
  ],
  "circlet_count": 0,
  "master_deck": [
    "AscendersBane",
    "Strike_B",
    "Strike_B",
    "Strike_B",
    "Strike_B",
    "Defend_B",
    "Defend_B",
    "Defend_B",
    "Defend_B",
    "Zap",
    "Dualcast",
    "Consume",
    "Conserve Battery",
    "Cold Snap",
    "Hologram",
    "Sunder",
    "Biased Cognition+1",
    "Glacier+1",
    "Blizzard",
    "Cold Snap",
    "Coolheaded",
    "Sweeping Beam",
    "Coolheaded"
  ],
  "potion_use_per_floor": [
    [],
    [],
    [],
    [],
    [],
    [],
    ["AttackPotion"],
    [],
    [],
    [],
    ["Fire Potion"],
    ["PotionOfCapacity"],
    ["Fruit Juice"],
    ["LiquidBronze"],
    [],
    []
  ],
  "relics": [
    "Cracked Core",
    "NeowsBlessing",
    "InkBottle",
    "Shuriken",
    "Emotion Chip",
    "Sundial"
  ],
  "potions_floor_usage": [7, 11, 12, 13, 14],
  "damage_taken": [
    { "damage": 0, "enemies": "2 Louse", "floor": 1, "turns": 1 },
    { "damage": 0, "enemies": "Jaw Worm", "floor": 2, "turns": 1 },
    { "damage": 0, "enemies": "Small Slimes", "floor": 4, "turns": 1 },
    { "damage": 0, "enemies": "3 Louse", "floor": 5, "turns": 3 },
    { "damage": 18, "enemies": "3 Sentries", "floor": 7, "turns": 5 },
    { "damage": 0, "enemies": "Red Slaver", "floor": 8, "turns": 4 },
    { "damage": 0, "enemies": "Exordium Wildlife", "floor": 11, "turns": 3 },
    { "damage": 4, "enemies": "Lagavulin", "floor": 12, "turns": 8 },
    { "damage": 21, "enemies": "Lots of Slimes", "floor": 13, "turns": 4 },
    { "damage": 9, "enemies": "3 Sentries", "floor": 14, "turns": 8 },
    { "damage": 48, "enemies": "The Guardian", "floor": 16, "turns": 15 }
  ],
  "seed_played": "-406364688745846746",
  "neow_bonus_log": {
    "cardsObtained": [],
    "cardsUpgraded": [],
    "cardsRemoved": [],
    "cardsTransformed": [],
    "relicsObtained": ["NeowsBlessing"],
    "maxHpGained": 0,
    "goldGained": 0,
    "damageTaken": 0,
    "goldLost": 0,
    "maxHpLost": 0
  },
  "potions_obtained": [
    { "floor": 4, "key": "AttackPotion" },
    { "floor": 7, "key": "Fire Potion" },
    { "floor": 11, "key": "PotionOfCapacity" },
    { "floor": 12, "key": "Fruit Juice" },
    { "floor": 13, "key": "LiquidBronze" }
  ],
  "is_trial": false,
  "path_per_floor": [
    "M",
    "M",
    "$",
    "M",
    "M",
    "R",
    "E",
    "M",
    "T",
    "R",
    "M",
    "E",
    "M",
    "E",
    "R",
    "B"
  ],
  "character_chosen": "DEFECT",
  "basemod:card_modifiers": [
    null,
    null,
    null,
    null,
    null,
    null,
    null,
    null,
    null,
    null,
    null,
    null,
    null,
    null,
    null,
    null,
    null,
    null,
    null,
    null,
    null,
    null,
    null
  ],
  "items_purchased": ["Cold Snap", "Hologram"],
  "campfire_rested": 1,
  "item_purchase_floors": [3, 3],
  "current_hp_per_floor": [
    64, 64, 64, 64, 64, 64, 46, 46, 46, 46, 46, 42, 26, 17, 39, 0
  ],
  "gold": 176,
  "neow_bonus": "THREE_ENEMY_KILL",
  "is_prod": false,
  "is_daily": false,
  "rewards_skipped": [],
  "chose_seed": false,
  "campfire_upgraded": 2,
  "win_rate": 0,
  "floor_exit_playtime": [
    173, 194, 256, 330, 394, 425, 649, 753, 791, 834, 940, 1217, 1370, 1529,
    1548
  ],
  "timestamp": 1686841410,
  "path_taken": [
    "M",
    "M",
    "$",
    "M",
    "M",
    "R",
    "E",
    "M",
    "T",
    "R",
    "M",
    "E",
    "M",
    "E",
    "R",
    "BOSS"
  ],
  "build_version": "2022-12-18",
  "purchased_purges": 0,
  "victory": false,
  "max_hp_per_floor": [
    71, 71, 71, 71, 71, 71, 71, 71, 71, 71, 71, 71, 76, 76, 76, 76
  ],
  "card_choices": [
    { "not_picked": ["Rebound", "Hologram"], "picked": "Consume", "floor": 1 },
    {
      "not_picked": ["Ball Lightning", "Go for the Eyes"],
      "picked": "Conserve Battery",
      "floor": 2
    },
    { "not_picked": ["Hologram", "Fusion"], "picked": "Sunder", "floor": 4 },
    { "not_picked": ["Redo", "FTL"], "picked": "Biased Cognition", "floor": 5 },
    { "not_picked": ["Multi-Cast", "Stack"], "picked": "Glacier", "floor": 7 },
    {
      "not_picked": ["Conserve Battery", "Gash"],
      "picked": "Blizzard",
      "floor": 8
    },
    {
      "not_picked": ["Stack", "Beam Cell"],
      "picked": "Cold Snap",
      "floor": 11
    },
    {
      "not_picked": ["Conserve Battery", "Meteor Strike"],
      "picked": "Coolheaded",
      "floor": 12
    },
    {
      "not_picked": ["Conserve Battery", "Scrape"],
      "picked": "Sweeping Beam",
      "floor": 13
    },
    { "not_picked": ["Fusion", "Gash"], "picked": "Coolheaded", "floor": 14 }
  ],
  "player_experience": 1468195,
  "relics_obtained": [
    { "floor": 7, "key": "InkBottle" },
    { "floor": 9, "key": "Shuriken" },
    { "floor": 12, "key": "Emotion Chip" },
    { "floor": 14, "key": "Sundial" }
  ],
  "event_choices": [],
  "is_beta": false,
  "boss_relics": [],
  "items_purged_floors": [],
  "is_endless": false,
  "potions_floor_spawned": [4, 7, 11, 12, 13],
  "killed_by": "The Guardian",
  "ascension_level": 20,
  "potion_discard_per_floor": [
    [],
    [],
    [],
    [],
    [],
    [],
    [],
    [],
    [],
    [],
    [],
    [],
    [],
    [],
    [],
    []
  ]
}
