{"gold_per_floor":[109,126,226,236,36,36,65,65,90,102,132,132,132,152,152,247,247,259,184,200,218,233,233,261,261],"floor_reached":25,"playtime":1293,"items_purged":[],"score":290,"play_id":"53272c95-e493-420b-8a80-65a58d7a5b0c","local_time":"20230610184551","is_ascension_mode":true,"campfire_choices":[{"data":"Stack","floor":6,"key":"SMITH"},{"data":"Zap","floor":8,"key":"SMITH"},{"data":"Defragment","floor":12,"key":"SMITH"},{"data":"Conserve Battery","floor":15,"key":"SMITH"},{"floor":23,"key":"REST"}],"neow_cost":"NONE","seed_source_timestamp":1145438429119100,"circlet_count":0,"master_deck":["Strike_B","Strike_B+1","Strike_B","Strike_B","Defend_B","Defend_B","Defend_B","Defend_B","Zap+1","Dualcast","Cold Snap","Stack+1","Conserve Battery+1","Defragment+1","LessonLearned+1","Electrodynamics","Steam Power+1","Redo","Barrage","Cold Snap"],"relics":["Cracked Core","NeowsBlessing","HandDrill","Toy Ornithopter","Strawberry","Odd Mushroom","Inserter","Ornamental Fan"],"potions_floor_usage":[7,16,18,21,24],"damage_taken":[{"damage":0,"enemies":"Cultist","floor":1,"turns":1},{"damage":0,"enemies":"Jaw Worm","floor":2,"turns":1},{"damage":0,"enemies":"Small Slimes","floor":4,"turns":1},{"damage":12,"enemies":"Lagavulin","floor":7,"turns":6},{"damage":10,"enemies":"Red Slaver","floor":10,"turns":2},{"damage":4,"enemies":"The Mushroom Lair","floor":11,"turns":4},{"damage":5,"enemies":"2 Fungi Beasts","floor":14,"turns":4},{"damage":1,"enemies":"The Guardian","floor":16,"turns":12},{"damage":22,"enemies":"2 Thieves","floor":18,"turns":2},{"damage":10,"enemies":"Shell Parasite","floor":20,"turns":4},{"damage":4,"enemies":"Cultist and Chosen","floor":21,"turns":5},{"damage":31,"enemies":"Snake Plant","floor":22,"turns":4},{"damage":41,"enemies":"Book of Stabbing","floor":24,"turns":5},{"damage":0,"enemies":"Chosen and Byrds","floor":25,"turns":1}],"seed_played":"6355384825051811667","potions_obtained":[{"floor":4,"key":"DistilledChaos"},{"floor":14,"key":"SkillPotion"},{"floor":16,"key":"PowerPotion"},{"floor":18,"key":"Energy Potion"},{"floor":22,"key":"SkillPotion"}],"is_trial":false,"path_per_floor":["M","M","?","M","$","R","E","R","T","M","?","R","?","M","R","B",null,"M","?","M","M","M","R","E","M"],"character_chosen":"DEFECT","basemod:card_modifiers":[[{"classname":"CardAugments.cardmods.rare.FlexMod","priority":0}],[{"classname":"CardAugments.cardmods.common.QuickMod","priority":0}],[{"classname":"CardAugments.cardmods.uncommon.WallopMod","priority":0}],[{"classname":"CardAugments.cardmods.uncommon.PureMod","priority":0}],[{"classname":"CardAugments.cardmods.common.ShivMod","priority":0}],[{"classname":"CardAugments.cardmods.rare.SanctifiedMod","priority":0}],[{"classname":"CardAugments.cardmods.uncommon.NoxiousMod","priority":0}],[{"classname":"CardAugments.cardmods.common.ShivMod","priority":0}],[{"classname":"CardAugments.cardmods.common.BootMod","priority":0}],[{"classname":"CardAugments.cardmods.rare.SanctifiedMod","priority":0}],[{"classname":"CardAugments.cardmods.common.FollowUpMod","priority":0}],[{"classname":"CardAugments.cardmods.common.HolyMod","priority":0}],[{"classname":"CardAugments.cardmods.rare.SearingMod","priority":0}],[{"classname":"CardAugments.cardmods.uncommon.AmplifiedMod","baseCost":1,"priority":0}],null,[{"classname":"CardAugments.cardmods.rare.BlasphemousMod","modMagic":true,"priority":0}],[{"classname":"CardAugments.cardmods.uncommon.MementoMod","priority":0}],[{"classname":"CardAugments.cardmods.rare.FlexMod","priority":0}],[{"classname":"CardAugments.cardmods.common.FollowUpMod","priority":0}],[{"classname":"CardAugments.cardmods.rare.FlexMod","priority":0}]],"items_purchased":["HandDrill","Stack"],"campfire_rested":1,"item_purchase_floors":[5,5],"current_hp_per_floor":[68,68,68,68,68,68,56,56,63,53,49,49,49,44,44,48,74,57,57,47,48,17,41,5,5],"gold":261,"neow_bonus":"THREE_ENEMY_KILL","is_prod":false,"is_daily":false,"chose_seed":false,"campfire_upgraded":4,"win_rate":0,"timestamp":1686437151,"path_taken":["M","M","?","?","$","R","E","R","T","M","?","R","?","?","R","BOSS","M","?","M","M","M","R","E","M"],"build_version":"2022-12-18","purchased_purges":0,"victory":false,"max_hp_per_floor":[75,75,75,75,75,75,75,75,82,82,82,82,82,82,82,82,82,82,82,82,82,82,82,82,82],"card_choices":[{"not_picked":["Streamline","FTL"],"picked":"Cold Snap","floor":1},{"not_picked":["Streamline","Static Discharge","Beam Cell"],"picked":"SKIP","floor":2},{"not_picked":["Gash","Genetic Algorithm"],"picked":"Stack","floor":4},{"not_picked":["Stack","Force Field","Turbo"],"picked":"SKIP","floor":7},{"not_picked":["Glacier","Hello World"],"picked":"Conserve Battery","floor":10},{"not_picked":["All For One","Lockon"],"picked":"Defragment","floor":11},{"not_picked":["Beam Cell","Genetic Algorithm","Stack"],"picked":"SKIP","floor":14},{"not_picked":["Fission","Creative AI"],"picked":"Electrodynamics","floor":16},{"not_picked":["Compile Driver","Go for the Eyes"],"picked":"Steam Power+1","floor":18},{"not_picked":["Compile Driver","Skim","Storm"],"picked":"SKIP","floor":20},{"not_picked":["Gash","Double Energy"],"picked":"Redo","floor":21},{"not_picked":["Hologram","Storm"],"picked":"Barrage","floor":22},{"not_picked":["Reprogram","Ball Lightning+1"],"picked":"Cold Snap","floor":24}],"player_experience":1444047,"relics_obtained":[{"floor":7,"key":"Toy Ornithopter"},{"floor":9,"key":"Strawberry"},{"floor":11,"key":"Odd Mushroom"},{"floor":24,"key":"Ornamental Fan"}],"event_choices":[{"damage_healed":0,"gold_gain":100,"player_choice":"Pray","damage_taken":0,"max_hp_gain":0,"max_hp_loss":0,"event_name":"Golden Shrine","floor":3,"gold_loss":0},{"damage_healed":0,"gold_gain":0,"player_choice":"Fought Mushrooms","damage_taken":0,"max_hp_gain":0,"max_hp_loss":0,"event_name":"Mushrooms","floor":11,"gold_loss":0},{"cards_removed":["Defragment"],"damage_healed":0,"gold_gain":0,"player_choice":"Take \u0026 Give","damage_taken":0,"max_hp_gain":0,"max_hp_loss":0,"event_name":"betterNote:BetterNote","floor":13,"gold_loss":0,"cards_obtained":["LessonLearned"]},{"cards_removed":["Stack"],"damage_healed":0,"gold_gain":0,"player_choice":"Gave Gold","damage_taken":0,"max_hp_gain":0,"max_hp_loss":0,"event_name":"Beggar","floor":19,"gold_loss":75}],"is_beta":false,"boss_relics":[{"not_picked":["Nuclear Battery","Philosopher\u0027s Stone"],"picked":"Inserter"}],"items_purged_floors":[],"is_endless":false,"potions_floor_spawned":[4,14,16,18,22],"killed_by":"Chosen and Byrds","ascension_level":6}