{
  "neow_bonuses_skipped_log": [
    "RANDOM_COLORLESS",
    "TRANSFORM_TWO_CARDS",
    "BOSS_RELIC"
  ],
  "potions_obtained_entropic_brew": [
    [],
    [],
    [],
    [],
    [],
    [],
    [],
    [],
    [],
    [],
    [],
    [],
    [],
    [],
    [],
    [],
    [],
    [],
    [],
    [],
    [],
    [],
    [],
    [],
    [],
    [],
    [],
    [],
    [],
    [],
    [],
    [],
    [],
    [],
    [],
    [],
    [],
    [],
    [],
    [],
    [],
    [],
    [],
    [],
    [],
    [],
    [],
    [],
    [],
    [],
    [],
    [],
    [],
    [],
    [],
    []
  ],
  "neow_costs_skipped_log": ["NONE", "PERCENT_DAMAGE", "NONE"],
  "gold_per_floor": [
    109, 125, 135, 36, 36, 36, 56, 56, 109, 138, 151, 161, 193, 193, 193, 289,
    289, 307, 8, 8, 27, 38, 38, 66, 66, 91, 105, 105, 136, 64, 77, 77, 179, 179,
    191, 3, 56, 56, 6, 33, 33, 49, 119, 147, 147, 176, 195, 29, 29, 29, 29, 29,
    5, 34, 34
  ],
  "floor_reached": 56,
  "playtime": 3603,
  "items_purged": ["Strike_B", "Strike_B", "Strike_B", "Defend_B", "Defend_B"],
  "score": 1678,
  "play_id": "b66b2b41-6c63-4e56-ad91-a1d984900796",
  "local_time": "20230613125542",
  "falling_options_log": ["Blizzard+1", "Buffer"],
  "score_breakdown": [
    "Floors Climbed (56): 280",
    "Enemies Slain (14): 28",
    "Exordium Elites Killed (2): 20",
    "City Elites Killed (2): 40",
    "Beyond Elites Killed (3): 90",
    "Bosses Slain (4): 500",
    "Champion (2): 50",
    "Perfect (1): 50",
    "Ascension (7): 370",
    "Heartbreaker: 250"
  ],
  "is_ascension_mode": true,
  "potions_obtained_alchemize": [
    [],
    [],
    [],
    [],
    [],
    [],
    [],
    [],
    [],
    [],
    [],
    [],
    [],
    [],
    [],
    [],
    [],
    [],
    [],
    [],
    [],
    [],
    [],
    [],
    [],
    [],
    [],
    [],
    [],
    [],
    [],
    [],
    [],
    [],
    [],
    [],
    [],
    [],
    [],
    [],
    [],
    [],
    [],
    [],
    [],
    [],
    [],
    [],
    [],
    [],
    [],
    [],
    [],
    [],
    [],
    []
  ],
  "campfire_choices": [
    { "data": "Zap", "floor": 6, "key": "SMITH" },
    { "data": "Consume", "floor": 8, "key": "SMITH" },
    { "floor": 15, "key": "REST" },
    { "data": "Coolheaded", "floor": 23, "key": "SMITH" },
    { "data": "Darkness", "floor": 25, "key": "SMITH" },
    { "data": "Genetic Algorithm", "floor": 28, "key": "SMITH" },
    { "data": "Turbo", "floor": 32, "key": "SMITH" },
    { "floor": 41, "key": "REST" },
    { "floor": 49, "key": "RECALL" },
    { "data": "Apotheosis", "floor": 52, "key": "SMITH" }
  ],
  "lesson_learned_per_floor": [
    [],
    [],
    [],
    [],
    [],
    [],
    [],
    [],
    [],
    [],
    [],
    [],
    [],
    [],
    [],
    [],
    [],
    [],
    [],
    [],
    [],
    [],
    [],
    [],
    [],
    [],
    [],
    [],
    [],
    [],
    [],
    [],
    [],
    [],
    [],
    [],
    [],
    [],
    [],
    [],
    [],
    [],
    [],
    [],
    [],
    [],
    [],
    [],
    [],
    [],
    [],
    [],
    [],
    [],
    [],
    []
  ],
  "neow_cost": "NONE",
  "improvable_cards": { "Genetic Algorithm+1": [52] },
  "seed_source_timestamp": 1381319366520200,
  "shop_contents": [
    {
      "floor": 4,
      "relics": ["Art of War", "Mercury Hourglass", "HandDrill"],
      "cards": [
        "Streamline",
        "Scrape",
        "Skim",
        "Storm",
        "Purity",
        "Master of Strategy"
      ],
      "potions": ["EntropicBrew", "AttackPotion", "ColorlessPotion"]
    },
    {
      "floor": 19,
      "relics": ["Pocketwatch", "Sling"],
      "cards": [
        "Rip and Tear",
        "Gash",
        "Stack",
        "Capacitor",
        "Flash of Steel",
        "Transmutation"
      ],
      "potions": ["EntropicBrew", "ColorlessPotion", "SkillPotion"]
    },
    {
      "floor": 30,
      "relics": ["Whetstone", "War Paint", "Cauldron"],
      "cards": [
        "Beam Cell",
        "Seek",
        "Coolheaded",
        "Creative AI",
        "Panacea",
        "Violence"
      ],
      "potions": ["SkillPotion", "Swift Potion", "ColorlessPotion"]
    },
    {
      "floor": 36,
      "relics": ["Juzu Bracelet", "Toy Ornithopter", "Medical Kit"],
      "cards": [
        "Cold Snap",
        "Beam Cell",
        "Leap",
        "Defragment",
        "Mind Blast",
        "Master of Strategy"
      ],
      "potions": ["LiquidMemories", "PowerPotion", "PotionOfCapacity"]
    },
    {
      "floor": 39,
      "relics": ["Bag of Marbles", "CeramicFish", "PrismaticShard"],
      "cards": [
        "Lockon",
        "Cold Snap",
        "Genetic Algorithm",
        "Reinforced Body",
        "Self Repair",
        "Swift Strike",
        "Chrysalis"
      ],
      "potions": ["FearPotion", "Dexterity Potion", "Weak Potion"]
    },
    {
      "floor": 48,
      "relics": ["Happy Flower", "Dead Branch", "Chemical X"],
      "cards": [
        "Scrape+1",
        "FTL+1",
        "Aggregate",
        "Conserve Battery",
        "Capacitor",
        "Enlightenment"
      ],
      "potions": ["Strength Potion", "AttackPotion", "FearPotion"]
    },
    {
      "floor": 53,
      "relics": ["StrikeDummy", "Blood Vial", "Orrery"],
      "cards": [
        "Melter+1",
        "Ball Lightning+1",
        "Stack",
        "Creative AI",
        "Mind Blast+1",
        "Mayhem"
      ],
      "potions": ["ColorlessPotion", "Strength Potion", "SneckoOil"]
    }
  ],
  "circlet_count": 0,
  "master_deck": [
    "Defend_B",
    "Zap+1",
    "Dualcast",
    "Coolheaded+1",
    "Streamline",
    "Coolheaded",
    "Hologram",
    "Consume+1",
    "Darkness+1",
    "Doom and Gloom",
    "Genetic Algorithm+1",
    "Rainbow",
    "Cold Snap",
    "Steam",
    "Defragment+1",
    "Cold Snap",
    "Glacier+1",
    "Redo+1",
    "Turbo+1",
    "Compile Driver",
    "Echo Form",
    "Buffer",
    "Blizzard+1",
    "Seek",
    "Blizzard+1",
    "Recycle+1",
    "Apotheosis+1",
    "Redo",
    "Capacitor"
  ],
  "potion_use_per_floor": [
    [],
    [],
    [],
    [],
    [],
    [],
    ["ColorlessPotion"],
    [],
    [],
    [],
    [],
    [],
    ["FocusPotion"],
    [],
    [],
    ["DuplicationPotion", "LiquidMemories"],
    [],
    [],
    [],
    [],
    [],
    [],
    [],
    ["SkillPotion"],
    [],
    [],
    [],
    [],
    ["Weak Potion"],
    [],
    [],
    [],
    ["BlessingOfTheForge"],
    [],
    [],
    [],
    ["SpeedPotion", "Fire Potion"],
    [],
    [],
    [],
    [],
    ["AttackPotion"],
    [],
    [],
    [],
    ["EssenceOfDarkness"],
    [],
    [],
    [],
    ["GamblersBrew"],
    [],
    [],
    [],
    [],
    ["SkillPotion"],
    []
  ],
  "relics": [
    "Cracked Core",
    "Anchor",
    "Centennial Puzzle",
    "Ancient Tea Set",
    "Oddly Smooth Stone",
    "Vajra",
    "Inserter",
    "DataDisk",
    "Smiling Mask",
    "Bronze Scales",
    "Omamori",
    "SlaversCollar",
    "Ice Cream",
    "InkBottle",
    "Lantern",
    "Molten Egg 2",
    "Gambling Chip"
  ],
  "potions_floor_usage": [7, 13, 16, 16, 24, 29, 33, 37, 37, 42, 46, 50, 55],
  "damage_taken": [
    { "damage": 16, "enemies": "Jaw Worm", "floor": 1, "turns": 4 },
    { "damage": 1, "enemies": "Cultist", "floor": 2, "turns": 4 },
    { "damage": 5, "enemies": "2 Louse", "floor": 3, "turns": 3 },
    { "damage": 5, "enemies": "Lots of Slimes", "floor": 7, "turns": 3 },
    { "damage": 10, "enemies": "Lagavulin", "floor": 10, "turns": 7 },
    { "damage": 4, "enemies": "Red Slaver", "floor": 11, "turns": 3 },
    { "damage": 7, "enemies": "3 Louse", "floor": 12, "turns": 3 },
    { "damage": 3, "enemies": "Gremlin Nob", "floor": 13, "turns": 3 },
    { "damage": 8, "enemies": "Hexaghost", "floor": 16, "turns": 9 },
    { "damage": 11, "enemies": "Shell Parasite", "floor": 18, "turns": 7 },
    { "damage": 2, "enemies": "2 Thieves", "floor": 21, "turns": 4 },
    { "damage": 2, "enemies": "Chosen and Byrds", "floor": 22, "turns": 6 },
    { "damage": 5, "enemies": "Gremlin Leader", "floor": 24, "turns": 8 },
    { "damage": 0, "enemies": "Cultist and Chosen", "floor": 27, "turns": 7 },
    { "damage": 2, "enemies": "Book of Stabbing", "floor": 29, "turns": 6 },
    { "damage": 3, "enemies": "Snecko", "floor": 31, "turns": 5 },
    { "damage": 8, "enemies": "Collector", "floor": 33, "turns": 10 },
    { "damage": 3, "enemies": "3 Darklings", "floor": 35, "turns": 7 },
    { "damage": 30, "enemies": "2 Orb Walkers", "floor": 37, "turns": 5 },
    { "damage": 16, "enemies": "Nemesis", "floor": 40, "turns": 5 },
    { "damage": 0, "enemies": "3 Shapes", "floor": 42, "turns": 5 },
    { "damage": 0, "enemies": "Giant Head", "floor": 44, "turns": 9 },
    { "damage": 0, "enemies": "Nemesis", "floor": 46, "turns": 7 },
    { "damage": 11, "enemies": "3 Darklings", "floor": 47, "turns": 4 },
    { "damage": 0, "enemies": "Donu and Deca", "floor": 50, "turns": 8 },
    { "damage": 28, "enemies": "Shield and Spear", "floor": 54, "turns": 6 },
    { "damage": 36, "enemies": "The Heart", "floor": 55, "turns": 8 }
  ],
  "green_key_taken_log": 24,
  "seed_played": "-3668240849337232061",
  "neow_bonus_log": {
    "cardsObtained": [],
    "cardsUpgraded": [],
    "cardsRemoved": [],
    "cardsTransformed": [],
    "relicsObtained": ["Anchor"],
    "maxHpGained": 0,
    "goldGained": 0,
    "damageTaken": 0,
    "goldLost": 0,
    "maxHpLost": 0
  },
  "potions_obtained": [
    { "floor": 2, "key": "EssenceOfDarkness" },
    { "floor": 3, "key": "ColorlessPotion" },
    { "floor": 11, "key": "FocusPotion" },
    { "floor": 12, "key": "DuplicationPotion" },
    { "floor": 13, "key": "LiquidMemories" },
    { "floor": 22, "key": "SkillPotion" },
    { "floor": 24, "key": "SpeedPotion" },
    { "floor": 27, "key": "Weak Potion" },
    { "floor": 29, "key": "BlessingOfTheForge" },
    { "floor": 33, "key": "Fire Potion" },
    { "floor": 40, "key": "AttackPotion" },
    { "floor": 42, "key": "EssenceOfDarkness" },
    { "floor": 47, "key": "GamblersBrew" },
    { "floor": 54, "key": "SkillPotion" }
  ],
  "is_trial": false,
  "path_per_floor": [
    "M",
    "M",
    "M",
    "$",
    "?",
    "R",
    "M",
    "R",
    "T",
    "E",
    "M",
    "M",
    "E",
    "?",
    "R",
    "B",
    null,
    "M",
    "$",
    "?",
    "M",
    "M",
    "R",
    "E",
    "R",
    "T",
    "M",
    "R",
    "E",
    "$",
    "M",
    "R",
    "B",
    null,
    "M",
    "$",
    "?",
    "?",
    "$",
    "E",
    "R",
    "M",
    "T",
    "E",
    "?",
    "E",
    "M",
    "$",
    "R",
    "B",
    null,
    "R",
    "$",
    "E",
    "B",
    null
  ],
  "character_chosen": "DEFECT",
  "basemod:card_modifiers": [
    null,
    null,
    null,
    null,
    null,
    null,
    null,
    null,
    null,
    null,
    null,
    null,
    null,
    null,
    null,
    null,
    null,
    null,
    null,
    null,
    null,
    null,
    null,
    null,
    null,
    null,
    null,
    null,
    null
  ],
  "items_purchased": [
    "Hologram",
    "DataDisk",
    "Steam",
    "Compile Driver",
    "Seek",
    "Apotheosis",
    "Redo"
  ],
  "campfire_rested": 2,
  "item_purchase_floors": [4, 19, 19, 30, 36, 48, 53],
  "current_hp_per_floor": [
    52, 51, 46, 46, 46, 46, 41, 41, 41, 31, 27, 20, 17, 17, 39, 31, 64, 53, 53,
    53, 51, 49, 49, 44, 44, 44, 44, 44, 42, 42, 39, 39, 31, 64, 61, 61, 31, 31,
    31, 15, 37, 37, 37, 37, 75, 75, 64, 64, 64, 64, 72, 72, 72, 44, 8
  ],
  "gold": 34,
  "neow_bonus": "RANDOM_COMMON_RELIC",
  "is_prod": false,
  "is_daily": false,
  "rewards_skipped": [],
  "chose_seed": false,
  "campfire_upgraded": 7,
  "win_rate": 0,
  "floor_exit_playtime": [
    90, 166, 207, 230, 259, 270, 349, 356, 361, 480, 517, 581, 616, 621, 626,
    798, 810, 943, 965, 989, 1080, 1159, 1179, 1336, 1353, 1361, 1460, 1468,
    1612, 1640, 1723, 1730, 1949, 1958, 2076, 2097, 2212, 2216, 2225, 2323,
    2335, 2453, 2461, 2735, 2766, 2923, 3025, 3037, 3040, 3198, 3208, 3219,
    3235, 3382, 3603
  ],
  "timestamp": 1686675342,
  "blue_key_relic_skipped_log": {
    "floor": 43,
    "relicID": "White Beast Statue"
  },
  "path_taken": [
    "M",
    "M",
    "M",
    "$",
    "?",
    "R",
    "M",
    "R",
    "T",
    "E",
    "?",
    "M",
    "E",
    "?",
    "R",
    "BOSS",
    "M",
    "$",
    "?",
    "?",
    "M",
    "R",
    "E",
    "R",
    "T",
    "M",
    "R",
    "E",
    "$",
    "M",
    "R",
    "BOSS",
    "M",
    "$",
    "?",
    "?",
    "$",
    "E",
    "R",
    "M",
    "T",
    "E",
    "?",
    "E",
    "M",
    "?",
    "R",
    "BOSS",
    "R",
    "$",
    "E",
    "BOSS"
  ],
  "build_version": "2022-12-18",
  "purchased_purges": 5,
  "victory": true,
  "max_hp_per_floor": [
    75, 75, 75, 75, 75, 75, 75, 75, 75, 75, 75, 75, 75, 75, 75, 75, 75, 75, 75,
    75, 75, 75, 75, 75, 75, 75, 75, 75, 75, 75, 75, 75, 75, 75, 75, 75, 75, 75,
    75, 75, 75, 75, 75, 75, 75, 75, 75, 75, 75, 75, 75, 75, 75, 75, 75
  ],
  "card_choices": [
    {
      "not_picked": ["Leap", "Steam Power"],
      "picked": "Coolheaded",
      "floor": 1
    },
    {
      "not_picked": ["Hologram", "Heatsinks"],
      "picked": "Streamline",
      "floor": 2
    },
    { "not_picked": ["Redo", "Heatsinks"], "picked": "Coolheaded", "floor": 3 },
    { "not_picked": ["Fusion", "Storm"], "picked": "Consume", "floor": 7 },
    {
      "not_picked": ["Ball Lightning", "Multi-Cast", "Darkness"],
      "picked": "SKIP",
      "floor": 10
    },
    {
      "not_picked": ["Ball Lightning", "Multi-Cast"],
      "picked": "Darkness",
      "floor": 10
    },
    {
      "not_picked": ["Turbo", "Melter"],
      "picked": "Doom and Gloom",
      "floor": 11
    },
    {
      "not_picked": ["Sunder", "Storm", "Ball Lightning"],
      "picked": "SKIP",
      "floor": 12
    },
    {
      "not_picked": ["Redo", "Compile Driver"],
      "picked": "Genetic Algorithm",
      "floor": 13
    },
    {
      "not_picked": ["All For One", "Amplify"],
      "picked": "Rainbow",
      "floor": 16
    },
    {
      "not_picked": ["Steam+1", "Coolheaded"],
      "picked": "Cold Snap",
      "floor": 18
    },
    {
      "not_picked": ["Aggregate", "Lockon+1"],
      "picked": "Cold Snap",
      "floor": 21
    },
    {
      "not_picked": ["Cold Snap+1", "Gash", "Genetic Algorithm+1"],
      "picked": "SKIP",
      "floor": 22
    },
    {
      "not_picked": ["Turbo", "Compile Driver"],
      "picked": "Glacier+1",
      "floor": 24
    },
    { "not_picked": ["Turbo+1", "Hologram"], "picked": "Redo+1", "floor": 27 },
    {
      "not_picked": ["Defragment", "White Noise"],
      "picked": "Turbo",
      "floor": 29
    },
    {
      "not_picked": ["Turbo", "Ball Lightning+1"],
      "picked": "Echo Form",
      "floor": 31
    },
    {
      "not_picked": ["Meteor Strike", "Thunder Strike"],
      "picked": "Buffer",
      "floor": 33
    },
    {
      "not_picked": ["Beam Cell", "Conserve Battery"],
      "picked": "Blizzard+1",
      "floor": 35
    },
    {
      "not_picked": ["Rebound+1", "Rip and Tear+1"],
      "picked": "Blizzard+1",
      "floor": 37
    },
    {
      "not_picked": ["Cold Snap", "Gash+1", "Genetic Algorithm"],
      "picked": "SKIP",
      "floor": 40
    },
    {
      "not_picked": ["BootSequence", "Go for the Eyes", "Streamline+1"],
      "picked": "SKIP",
      "floor": 42
    },
    {
      "not_picked": ["Conserve Battery+1", "Buffer", "Gash+1"],
      "picked": "SKIP",
      "floor": 44
    },
    {
      "not_picked": ["Beam Cell+1", "Turbo", "Conserve Battery+1"],
      "picked": "SKIP",
      "floor": 46
    },
    {
      "not_picked": ["Stack+1", "Beam Cell+1"],
      "picked": "Recycle+1",
      "floor": 47
    },
    {
      "not_picked": ["Coolheaded", "Beam Cell+1"],
      "picked": "Capacitor",
      "floor": 54
    }
  ],
  "player_experience": 1453369,
  "relics_obtained": [
    { "floor": 9, "key": "Ancient Tea Set" },
    { "floor": 10, "key": "Oddly Smooth Stone" },
    { "floor": 13, "key": "Vajra" },
    { "floor": 24, "key": "Smiling Mask" },
    { "floor": 26, "key": "Bronze Scales" },
    { "floor": 29, "key": "Omamori" },
    { "floor": 37, "key": "Ice Cream" },
    { "floor": 40, "key": "InkBottle" },
    { "floor": 44, "key": "Lantern" },
    { "floor": 46, "key": "Molten Egg 2" },
    { "floor": 54, "key": "Gambling Chip" }
  ],
  "event_choices": [
    {
      "damage_healed": 0,
      "gold_gain": 0,
      "player_choice": "Gave Potion",
      "damage_taken": 0,
      "relics_obtained": ["Centennial Puzzle"],
      "max_hp_gain": 0,
      "max_hp_loss": 0,
      "event_name": "WeMeetAgain",
      "floor": 5,
      "gold_loss": 0
    },
    {
      "damage_healed": 0,
      "gold_gain": 0,
      "player_choice": "Ignored",
      "damage_taken": 0,
      "max_hp_gain": 0,
      "max_hp_loss": 0,
      "event_name": "Liars Game",
      "floor": 14,
      "gold_loss": 0
    },
    {
      "cards_removed": ["Strike_B"],
      "damage_healed": 0,
      "gold_gain": 0,
      "player_choice": "Took Card",
      "damage_taken": 0,
      "max_hp_gain": 0,
      "max_hp_loss": 0,
      "event_name": "NoteForYourself",
      "floor": 20,
      "gold_loss": 0,
      "cards_obtained": ["Defragment"]
    },
    {
      "damage_healed": 0,
      "gold_gain": 0,
      "player_choice": "Fight",
      "damage_taken": 0,
      "max_hp_gain": 0,
      "max_hp_loss": 0,
      "event_name": "Mysterious Sphere",
      "floor": 37,
      "gold_loss": 0
    },
    {
      "cards_removed": ["Defend_B"],
      "damage_healed": 0,
      "gold_gain": 0,
      "player_choice": "Removed Skill",
      "damage_taken": 0,
      "max_hp_gain": 0,
      "max_hp_loss": 0,
      "event_name": "Falling",
      "floor": 38,
      "gold_loss": 0
    },
    {
      "damage_healed": 38,
      "gold_gain": 0,
      "player_choice": "Heal",
      "damage_taken": 0,
      "max_hp_gain": 0,
      "max_hp_loss": 0,
      "event_name": "MindBloom",
      "floor": 45,
      "gold_loss": 0,
      "cards_obtained": ["Doubt"]
    }
  ],
  "is_beta": false,
  "boss_relics": [
    { "not_picked": ["Fusion Hammer", "Sozu"], "picked": "Inserter" },
    { "not_picked": ["Snecko Eye", "SacredBark"], "picked": "SlaversCollar" }
  ],
  "items_purged_floors": [4, 19, 30, 36, 39],
  "is_endless": false,
  "potions_floor_spawned": [
    2, 3, 11, 12, 13, 22, 24, 27, 29, 33, 40, 42, 47, 54
  ],
  "ascension_level": 7,
  "potion_discard_per_floor": [
    [],
    [],
    [],
    [],
    [],
    [],
    [],
    [],
    [],
    [],
    [],
    [],
    [],
    [],
    [],
    [],
    [],
    [],
    [],
    [],
    [],
    [],
    [],
    [],
    [],
    [],
    [],
    [],
    [],
    [],
    [],
    [],
    [],
    [],
    [],
    [],
    [],
    [],
    [],
    [],
    [],
    [],
    [],
    [],
    [],
    [],
    [],
    [],
    [],
    [],
    [],
    [],
    [],
    [],
    [],
    []
  ]
}
