{"gold_per_floor":[109,34,48,68,68,68,99,99,126,188,188,217,217,244,244,350,350,376,46,75,15,37,37,69,95,95,95,118,118,118,139,139,251,278,297,310,310,321,380,422,422,443,466,466,505,531,43,82,82,82],"floor_reached":51,"playtime":4138,"items_purged":["Strike_B","Dualcast"],"score":1047,"play_id":"88129d67-b7cf-4ab7-ac94-878e80bab3f5","local_time":"20230612095151","is_ascension_mode":true,"campfire_choices":[{"data":"Defragment","floor":6.0,"key":"SMITH"},{"data":"Leap","floor":8.0,"key":"SMITH"},{"data":"Sweeping Beam","floor":11.0,"key":"SMITH"},{"data":"Reinforced Body","floor":15.0,"key":"SMITH"},{"data":"Seek","floor":23.0,"key":"SMITH"},{"data":"Defend_B","floor":30.0,"key":"SMITH"},{"data":"Capacitor","floor":32.0,"key":"SMITH"},{"data":"Echo Form","floor":41,"key":"SMITH"},{"data":"Consume","floor":44,"key":"SMITH"},{"data":"Hologram","floor":49,"key":"SMITH"}],"neow_cost":"NONE","seed_source_timestamp":0,"circlet_count":0,"master_deck":["Defend_B+1","Core Surge","Cold Snap","Defragment+1","Consume+1","Leap+1","Reinforced Body+1","Skim","Sweeping Beam+1","Go for the Eyes","Steam","Buffer+1","Sweeping Beam+1","Hologram+1","FTL","Cold Snap","Capacitor+1","Seek+1","Static Discharge","Lockon","Cold Snap","Echo Form+1","Fusion+1","Rip and Tear+1","Lockon+1","Blizzard+1","Redo","Turbo+1","Cold Snap","Barrage+1","Auto Shields","Stack","Machine Learning","Loop+1"],"special_seed":0,"relics":["Cracked Core","Ancient Tea Set","CeramicFish","Meat on the Bone","Coffee Dripper","TheAbacus","Red Mask","Centennial Puzzle","Astrolabe","Du-Vu Doll","Regal Pillow","Smiling Mask","MealTicket","Lee\u0027s Waffle","Thread and Needle"],"potions_floor_usage":[33,33,39,39,45,48,50,50],"damage_taken":[{"damage":7.0,"enemies":"Jaw Worm","floor":1.0,"turns":2.0},{"damage":2.0,"enemies":"2 Louse","floor":3.0,"turns":2.0},{"damage":3.0,"enemies":"Cultist","floor":4.0,"turns":4.0},{"damage":15.0,"enemies":"3 Sentries","floor":7.0,"turns":11.0},{"damage":0.0,"enemies":"Gremlin Nob","floor":10.0,"turns":4.0},{"damage":4.0,"enemies":"2 Fungi Beasts","floor":12.0,"turns":3.0},{"damage":0.0,"enemies":"Looter","floor":14.0,"turns":3.0},{"damage":4.0,"enemies":"Slime Boss","floor":16.0,"turns":6.0},{"damage":0.0,"enemies":"Chosen","floor":18.0,"turns":6.0},{"damage":1.0,"enemies":"Spheric Guardian","floor":20.0,"turns":4.0},{"damage":14.0,"enemies":"Centurion and Healer","floor":22.0,"turns":6.0},{"damage":2.0,"enemies":"Masked Bandits","floor":24.0,"turns":3.0},{"damage":2.0,"enemies":"Cultist and Chosen","floor":25.0,"turns":5.0},{"damage":0.0,"enemies":"Snecko","floor":28.0,"turns":6.0},{"damage":44.0,"enemies":"Slavers","floor":29.0,"turns":5.0},{"damage":3.0,"enemies":"Snake Plant","floor":31.0,"turns":6.0},{"damage":24,"enemies":"Automaton","floor":33,"turns":13},{"damage":1,"enemies":"3 Shapes","floor":35,"turns":3},{"damage":3,"enemies":"3 Darklings","floor":36,"turns":5},{"damage":19,"enemies":"Transient","floor":38,"turns":5},{"damage":0,"enemies":"Mind Bloom Boss Battle","floor":39,"turns":6},{"damage":21,"enemies":"Nemesis","floor":40,"turns":9},{"damage":15,"enemies":"Jaw Worm Horde","floor":42,"turns":4},{"damage":25,"enemies":"Reptomancer","floor":45,"turns":10},{"damage":12,"enemies":"3 Darklings","floor":46,"turns":6},{"damage":0,"enemies":"Giant Head","floor":48,"turns":11},{"damage":6,"enemies":"Donu and Deca","floor":50,"turns":8}],"seed_played":"-7502272762818705227","potions_obtained":[{"floor":7.0,"key":"ColorlessPotion"},{"floor":10.0,"key":"Strength Potion"},{"floor":12.0,"key":"Block Potion"},{"floor":14.0,"key":"FocusPotion"},{"floor":16.0,"key":"LiquidBronze"},{"floor":20.0,"key":"FocusPotion"},{"floor":24.0,"key":"Explosive Potion"},{"floor":28.0,"key":"SmokeBomb"},{"floor":36,"key":"FocusPotion"},{"floor":38,"key":"PowerPotion"},{"floor":39,"key":"Explosive Potion"}],"is_trial":false,"path_per_floor":["M","$","M","M","?","R","E","R","T","E","R","M","?","M","R","B",null,"M","$","M","$","M","R","?","M","T","?","M","E","R","M","R","B",null,"M","M","?","M","?","E","R","M","T","R","E","M","$","E","R","B",null],"character_chosen":"DEFECT","basemod:card_modifiers":[null,null,null,null,null,null,null,null,null,null,null,null,null,null,null,null,null,null,null,null,null,null,null,null,null,null,null,null,null,null,null,null,null,null],"items_purchased":["Defragment","Hologram","TheAbacus","FTL","Capacitor","Lee\u0027s Waffle","Stack","DistilledChaos","PowerPotion","FocusPotion","Machine Learning"],"campfire_rested":0,"item_purchase_floors":[2,19,19,19,21,47,47,47,47,47,47],"current_hp_per_floor":[61,61,59,56,56,56,41,41,41,41,41,49,49,49,49,45,68,68,68,67,67,53,53,51,49,49,49,49,17,17,26,26,14,60,59,56,56,49,49,40,40,37,37,37,24,24,82,82,82,76],"gold":82,"neow_bonus":"TRANSFORM_CARD","is_prod":false,"is_daily":false,"chose_seed":false,"campfire_upgraded":10,"win_rate":0,"timestamp":1686577911,"path_taken":["M","$","M","M","?","R","E","R","T","E","R","M","?","M","R","BOSS","M","?","M","$","M","R","?","M","T","?","?","E","R","M","R","BOSS","M","M","?","M","?","E","R","M","T","R","E","M","$","E","R","BOSS"],"build_version":"2022-12-18","purchased_purges":2,"victory":true,"max_hp_per_floor":[75,75,75,75,75,75,75,75,75,75,75,75,75,75,75,75,75,75,75,75,75,75,75,75,75,75,75,75,75,75,75,75,75,75,75,75,75,75,75,75,75,75,75,75,75,75,82,82,82,82],"card_choices":[{"not_picked":["Beam Cell","Turbo"],"picked":"Cold Snap","floor":1.0},{"not_picked":["Gash","FTL"],"picked":"Consume","floor":3.0},{"not_picked":["Beam Cell","Hologram"],"picked":"Leap","floor":4.0},{"not_picked":["Lockon","Beam Cell"],"picked":"Skim","floor":7.0},{"not_picked":["Meteor Strike","Steam Power"],"picked":"Sweeping Beam","floor":10.0},{"not_picked":["Rebound","Barrage"],"picked":"Go for the Eyes","floor":12.0},{"not_picked":["Conserve Battery","Barrage"],"picked":"Steam","floor":14.0},{"not_picked":["Reboot","Meteor Strike"],"picked":"Buffer","floor":16.0},{"not_picked":["Steam+1","Barrage"],"picked":"Sweeping Beam+1","floor":18.0},{"not_picked":["Compile Driver","Gash"],"picked":"Cold Snap","floor":20.0},{"not_picked":["Fusion+1","Leap+1"],"picked":"Seek","floor":22.0},{"not_picked":["Go for the Eyes","Sweeping Beam"],"picked":"Static Discharge","floor":25.0},{"not_picked":["Hologram","Beam Cell"],"picked":"Lockon","floor":28.0},{"not_picked":["Gash+1","Beam Cell+1"],"picked":"Cold Snap","floor":31.0},{"not_picked":["Fission","Amplify"],"picked":"Echo Form","floor":33},{"not_picked":["Streamline+1","Chill"],"picked":"Blizzard+1","floor":35},{"not_picked":["Sweeping Beam+1","Beam Cell+1","Genetic Algorithm"],"picked":"SKIP","floor":36},{"not_picked":["Gash+1","Aggregate","Leap+1"],"picked":"SKIP","floor":38},{"not_picked":["Skim","Hyperbeam"],"picked":"Redo","floor":39},{"not_picked":["FTL","Self Repair"],"picked":"Turbo+1","floor":40},{"not_picked":["Streamline+1","Rip and Tear+1"],"picked":"Cold Snap","floor":42},{"not_picked":["Ball Lightning+1","FTL"],"picked":"Barrage+1","floor":45},{"not_picked":["Gash+1","Go for the Eyes+1"],"picked":"Auto Shields","floor":46},{"not_picked":["All For One","Turbo"],"picked":"Loop+1","floor":48}],"player_experience":1443015,"relics_obtained":[{"floor":7.0,"key":"Ancient Tea Set"},{"floor":9.0,"key":"CeramicFish"},{"floor":10.0,"key":"Meat on the Bone"},{"floor":24.0,"key":"Red Mask"},{"floor":26.0,"key":"Centennial Puzzle"},{"floor":39,"key":"Du-Vu Doll"},{"floor":40,"key":"Regal Pillow"},{"floor":43,"key":"Smiling Mask"},{"floor":45,"key":"MealTicket"},{"floor":48,"key":"Thread and Needle"}],"event_choices":[{"damage_healed":0.0,"max_hp_gain":0.0,"max_hp_loss":0.0,"gold_gain":0.0,"cards_transformed":["Strike_B"],"event_name":"Living Wall","player_choice":"Change","floor":5.0,"gold_loss":0.0,"damage_taken":0.0,"cards_obtained":["Reinforced Body"]},{"cards_removed":["Strike_B"],"damage_healed":0.0,"max_hp_gain":0.0,"max_hp_loss":0.0,"gold_gain":0.0,"event_name":"Bonfire Elementals","player_choice":"Offered Basic","floor":13.0,"gold_loss":0.0,"damage_taken":0.0},{"damage_healed":0.0,"max_hp_gain":0.0,"max_hp_loss":0.0,"gold_gain":0.0,"event_name":"Masked Bandits","player_choice":"Fought Bandits","floor":24.0,"gold_loss":0.0,"damage_taken":0.0},{"damage_healed":0.0,"max_hp_gain":0.0,"max_hp_loss":0.0,"gold_gain":0.0,"event_name":"Upgrade Shrine","player_choice":"Upgraded","floor":27.0,"gold_loss":0.0,"damage_taken":0.0,"cards_upgraded":["Buffer"]},{"cards_removed":["Zap"],"damage_healed":0,"gold_gain":0,"player_choice":"Removed Skill","damage_taken":0,"max_hp_gain":0,"max_hp_loss":0,"event_name":"Falling","floor":37,"gold_loss":0},{"damage_healed":0,"gold_gain":0,"player_choice":"Fight","damage_taken":0,"max_hp_gain":0,"max_hp_loss":0,"event_name":"MindBloom","floor":39,"gold_loss":0}],"is_beta":false,"boss_relics":[{"not_picked":["Tiny House","Nuclear Battery"],"picked":"Coffee Dripper"},{"not_picked":["Sozu","Fusion Hammer"],"picked":"Astrolabe"}],"items_purged_floors":[19,47],"is_endless":false,"potions_floor_spawned":[7,10,12,14,16,20,24,28,29,36,38,39],"ascension_level":6}