{"neow_bonuses_skipped_log":["HUNDRED_GOLD","RANDOM_COLORLESS_2","BOSS_RELIC"],"potions_obtained_entropic_brew":[[],[],[],[],[],[],[],[],[],[],[],[],[],[],[],[],[],[],[],[],[],[],[]],"neow_costs_skipped_log":["NONE","NO_GOLD","NONE"],"gold_per_floor":[115,11,22,38,38,38,69,69,95,129,129,129,163,194,206,319,331,359,73,89,189,203,203],"floor_reached":23,"playtime":1066,"items_purged":["Strike_B"],"score":282,"play_id":"61f99948-23d3-4468-a9a1-19ea2aa9b9a2","local_time":"20230612101141","score_breakdown":["Floors Climbed (23): 115","Enemies Slain (7): 14","Exordium Elites Killed (3): 30","City Elites Killed (0): 0","Bosses Slain (1): 50","Ascension (7): 73"],"is_ascension_mode":true,"potions_obtained_alchemize":[[],[],[],[],[],[],[],[],[],[],[],[],[],[],[],[],[],[],[],[],[],[],[]],"campfire_choices":[{"data":"Redo","floor":6,"key":"SMITH"},{"data":"Coolheaded","floor":8,"key":"SMITH"},{"floor":15,"key":"REST"}],"lesson_learned_per_floor":[[],[],[],[],[],[],[],[],[],[],[],[],[],[],[],[],[],[],[],[],[],[],[]],"neow_cost":"NONE","improvable_cards":{},"seed_source_timestamp":1287621482430300,"shop_contents":[{"floor":2,"relics":["Whetstone","Frozen Egg 2","Frozen Eye"],"cards":["Go for the Eyes","Tempest","Storm","Forethought","Violence"],"potions":["CultistPotion","SteroidPotion","SpeedPotion"]},{"floor":19,"relics":["Question Card","PrismaticShard"],"cards":["FTL","Sunder","Storm","Panacea","Thinking Ahead"],"potions":["Strength Potion","Ancient Potion","Fruit Juice"]}],"circlet_count":0,"master_deck":["Strike_B","Defend_B","Defend_B","Defend_B","Defend_B","Zap","Dualcast","Gash","Coolheaded+1","Ball Lightning","Coolheaded","Redo+1","BootSequence","Turbo","Hologram","Capacitor","Ball Lightning","Electrodynamics","Undo","Leap","Conserve Battery","Hologram+1","Skim"],"potion_use_per_floor":[[],[],[],[],[],[],["Explosive Potion"],[],[],[],[],[],["Block Potion","DuplicationPotion"],[],[],[],[],[],[],["PowerPotion"],[],[],["Fire Potion"]],"relics":["Cracked Core","Potion Belt","Dream Catcher","Calipers","Boot","MawBank","Black Star","PreservedInsect"],"potions_floor_usage":[7,13,13,20,23],"damage_taken":[{"damage":1,"enemies":"2 Louse","floor":1,"turns":2},{"damage":0,"enemies":"Jaw Worm","floor":3,"turns":4},{"damage":3,"enemies":"Small Slimes","floor":4,"turns":3},{"damage":16,"enemies":"Gremlin Nob","floor":7,"turns":3},{"damage":26,"enemies":"3 Sentries","floor":10,"turns":7},{"damage":24,"enemies":"Gremlin Nob","floor":13,"turns":5},{"damage":1,"enemies":"Blue Slaver","floor":14,"turns":3},{"damage":20,"enemies":"Slime Boss","floor":16,"turns":11},{"damage":4,"enemies":"Spheric Guardian","floor":18,"turns":3},{"damage":11,"enemies":"2 Thieves","floor":20,"turns":3},{"damage":24,"enemies":"Chosen and Byrds","floor":22,"turns":8},{"damage":23,"enemies":"Book of Stabbing","floor":23,"turns":4}],"seed_played":"-1974684576297008872","neow_bonus_log":{"cardsObtained":[],"cardsUpgraded":[],"cardsRemoved":["Strike_B"],"cardsTransformed":[],"relicsObtained":[],"maxHpGained":0,"goldGained":0,"damageTaken":0,"goldLost":0,"maxHpLost":0},"potions_obtained":[{"floor":1,"key":"Explosive Potion"},{"floor":7,"key":"Block Potion"},{"floor":10,"key":"DuplicationPotion"},{"floor":13,"key":"Ancient Potion"},{"floor":18,"key":"PowerPotion"},{"floor":22,"key":"Fire Potion"}],"is_trial":false,"path_per_floor":["M","$","M","M","?","R","E","R","T","E","?","?","E","M","R","B",null,"M","$","M","?","M","E"],"character_chosen":"DEFECT","basemod:card_modifiers":[null,null,null,null,null,null,null,null,null,null,null,null,null,null,null,null,null,null,null,null,null,null,null],"items_purchased":["Coolheaded","Ball Lightning","Leap","PreservedInsect","Conserve Battery"],"campfire_rested":1,"item_purchase_floors":[2,2,19,19,19],"current_hp_per_floor":[67,67,67,64,57,57,41,41,41,15,3,28,4,3,25,5,58,54,54,43,43,19,0],"gold":203,"neow_bonus":"REMOVE_CARD","is_prod":false,"is_daily":false,"rewards_skipped":[],"chose_seed":false,"campfire_upgraded":2,"win_rate":0,"floor_exit_playtime":[44,61,103,138,143,222,267,283,286,385,392,395,474,522,529,691,712,761,809,898,901,998],"timestamp":1686579101,"path_taken":["M","$","M","M","?","R","E","R","T","E","?","?","E","M","R","BOSS","M","$","M","?","?","E"],"build_version":"2022-12-18","purchased_purges":1,"victory":false,"max_hp_per_floor":[75,75,75,75,75,75,75,75,75,75,75,75,75,75,75,75,75,75,75,75,75,75,75],"card_choices":[{"not_picked":["Go for the Eyes","Streamline"],"picked":"Gash","floor":1},{"not_picked":["Reinforced Body","Fusion"],"picked":"Coolheaded","floor":3},{"not_picked":["Auto Shields","Reinforced Body"],"picked":"Redo","floor":4},{"not_picked":["Streamline","Steam"],"picked":"BootSequence","floor":7},{"not_picked":["Scrape","Rebound"],"picked":"Turbo","floor":10},{"not_picked":["Coolheaded","Reprogram"],"picked":"Hologram","floor":13},{"not_picked":["Heatsinks","Skim"],"picked":"Capacitor","floor":14},{"not_picked":["Sweeping Beam","Streamline"],"picked":"Ball Lightning","floor":15},{"not_picked":["Hyperbeam","Meteor Strike"],"picked":"Electrodynamics","floor":16},{"not_picked":["Conserve Battery+1","FTL"],"picked":"Undo","floor":18},{"not_picked":["Streamline","Chaos"],"picked":"Hologram+1","floor":20},{"not_picked":["Auto Shields","Aggregate"],"picked":"Skim","floor":22}],"player_experience":1447153,"relics_obtained":[{"floor":7,"key":"Potion Belt"},{"floor":9,"key":"Dream Catcher"},{"floor":10,"key":"Calipers"},{"floor":13,"key":"MawBank"}],"event_choices":[{"cards_removed":["Strike_B"],"damage_healed":0,"gold_gain":0,"player_choice":"Card Removal","damage_taken":7,"max_hp_gain":0,"max_hp_loss":0,"event_name":"Golden Wing","floor":5,"gold_loss":0},{"damage_healed":0,"gold_gain":0,"player_choice":"Success","damage_taken":12,"relics_obtained":["Boot"],"max_hp_gain":0,"max_hp_loss":0,"event_name":"Scrap Ooze","floor":11,"gold_loss":0},{"damage_healed":25,"gold_gain":0,"player_choice":"Banana","damage_taken":0,"max_hp_gain":0,"max_hp_loss":0,"event_name":"Big Fish","floor":12,"gold_loss":0},{"damage_healed":0,"gold_gain":100,"player_choice":"Pray","damage_taken":0,"max_hp_gain":0,"max_hp_loss":0,"event_name":"Golden Shrine","floor":21,"gold_loss":0}],"is_beta":false,"boss_relics":[{"not_picked":["Velvet Choker","Tiny House"],"picked":"Black Star"}],"items_purged_floors":[19],"is_endless":false,"potions_floor_spawned":[1,7,10,13,18,22],"killed_by":"Book of Stabbing","ascension_level":7,"potion_discard_per_floor":[[],[],[],[],[],[],[],[],[],[],[],[],[],[],[],[],[],[],[],[],[],[],[]]}