{
  "neow_bonuses_skipped_log": ["HUNDRED_GOLD", "TWO_FIFTY_GOLD", "BOSS_RELIC"],
  "neow_costs_skipped_log": ["NONE", "TEN_PERCENT_HP_LOSS", "NONE"],
  "potions_obtained_entropic_brew": [
    [],
    [],
    [],
    [],
    [],
    [],
    [],
    [],
    [],
    [],
    [],
    [],
    [],
    [],
    [],
    [],
    [],
    [],
    [],
    [],
    [],
    [],
    [],
    [],
    [],
    [],
    []
  ],
  "gold_per_floor": [
    113, 113, 113, 113, 125, 125, 154, 154, 178, 191, 191, 191, 218, 232, 232,
    310, 310, 322, 333, 2, 2, 2, 33, 33, 63, 63, 63
  ],
  "floor_reached": 27,
  "playtime": 1015,
  "items_purged": [],
  "score": 437,
  "play_id": "6ab9ac67-1076-4ad9-8286-78d0eedaee4c",
  "local_time": "20230615112115",
  "score_breakdown": [
    "Floors Climbed (27): 135",
    "Enemies Slain (6): 12",
    "Exordium Elites Killed (2): 20",
    "City Elites Killed (2): 40",
    "Bosses Slain (1): 50",
    "Ascension (14): 180"
  ],
  "is_ascension_mode": true,
  "potions_obtained_alchemize": [
    [],
    [],
    [],
    [],
    [],
    [],
    [],
    [],
    [],
    [],
    [],
    [],
    [],
    [],
    [],
    [],
    [],
    [],
    [],
    [],
    [],
    [],
    [],
    [],
    [],
    [],
    []
  ],
  "campfire_choices": [
    { "data": "Steam", "floor": 6, "key": "SMITH" },
    { "data": "Leap", "floor": 8, "key": "SMITH" },
    { "data": "Genetic Algorithm", "floor": 11, "key": "SMITH" },
    { "floor": 15, "key": "REST" },
    { "floor": 24, "key": "REST" }
  ],
  "lesson_learned_per_floor": [
    [],
    [],
    [],
    [],
    [],
    [],
    [],
    [],
    [],
    [],
    [],
    [],
    [],
    [],
    [],
    [],
    [],
    [],
    [],
    [],
    [],
    [],
    [],
    [],
    [],
    [],
    []
  ],
  "neow_cost": "NONE",
  "improvable_cards": { "Genetic Algorithm+1": [25] },
  "seed_source_timestamp": 1551045219917400,
  "shop_contents": [
    {
      "floor": 20,
      "relics": ["Blue Candle", "Toolbox"],
      "cards": [
        "Cold Snap",
        "Beam Cell",
        "Hologram",
        "Hello World",
        "Madness",
        "Violence"
      ],
      "potions": ["Weak Potion", "ColorlessPotion", "Weak Potion"]
    },
    {
      "floor": 22,
      "relics": ["Lantern", "Omamori", "Chemical X"],
      "cards": [
        "Barrage",
        "FTL",
        "Coolheaded",
        "Consume",
        "Electrodynamics",
        "PanicButton",
        "Secret Technique"
      ],
      "potions": ["GamblersBrew", "BlessingOfTheForge", "LiquidMemories"]
    }
  ],
  "circlet_count": 0,
  "master_deck": [
    "AscendersBane",
    "Strike_B+1",
    "Strike_B+1",
    "Defend_B",
    "Defend_B",
    "Defend_B",
    "Zap",
    "Dualcast",
    "Redo+1",
    "Steam+1",
    "Leap+1",
    "Genetic Algorithm+1",
    "Skim",
    "Biased Cognition",
    "Electrodynamics",
    "White Noise",
    "Chill",
    "Turbo",
    "Consume",
    "Gash",
    "Loop"
  ],
  "potion_use_per_floor": [
    [],
    [],
    [],
    [],
    [],
    [],
    [],
    [],
    [],
    [],
    [],
    [],
    ["Block Potion"],
    [],
    [],
    ["ColorlessPotion", "Explosive Potion"],
    [],
    [],
    [],
    [],
    [],
    [],
    ["EssenceOfSteel", "DistilledChaos"],
    [],
    ["AttackPotion"],
    [],
    []
  ],
  "relics": [
    "Cracked Core",
    "Orichalcum",
    "Art of War",
    "Pen Nib",
    "Matryoshka",
    "Snecko Eye",
    "TungstenRod",
    "Torii",
    "Mango",
    "Bag of Marbles",
    "Shuriken"
  ],
  "potions_floor_usage": [13, 16, 16, 23, 23, 25],
  "damage_taken": [
    { "damage": 0, "enemies": "Cultist", "floor": 1, "turns": 4 },
    { "damage": 0, "enemies": "2 Louse", "floor": 5, "turns": 2 },
    { "damage": 20, "enemies": "Lagavulin", "floor": 7, "turns": 8 },
    { "damage": 0, "enemies": "Small Slimes", "floor": 10, "turns": 3 },
    { "damage": 23, "enemies": "Gremlin Nob", "floor": 13, "turns": 5 },
    { "damage": 0, "enemies": "Looter", "floor": 14, "turns": 4 },
    { "damage": 9, "enemies": "Slime Boss", "floor": 16, "turns": 9 },
    { "damage": 17, "enemies": "2 Thieves", "floor": 18, "turns": 4 },
    { "damage": 7, "enemies": "Spheric Guardian", "floor": 19, "turns": 4 },
    { "damage": 12, "enemies": "Slavers", "floor": 23, "turns": 5 },
    { "damage": 25, "enemies": "Gremlin Leader", "floor": 25, "turns": 9 },
    { "damage": 39, "enemies": "Book of Stabbing", "floor": 27, "turns": 6 }
  ],
  "seed_played": "5303709206676533679",
  "neow_bonus_log": {
    "cardsObtained": [],
    "cardsUpgraded": [],
    "cardsRemoved": ["Strike_B"],
    "cardsTransformed": [],
    "relicsObtained": [],
    "maxHpGained": 0,
    "goldGained": 0,
    "damageTaken": 0,
    "goldLost": 0,
    "maxHpLost": 0
  },
  "potions_obtained": [
    { "floor": 10, "key": "Block Potion" },
    { "floor": 13, "key": "ColorlessPotion" },
    { "floor": 14, "key": "Explosive Potion" },
    { "floor": 18, "key": "DistilledChaos" },
    { "floor": 19, "key": "EssenceOfSteel" },
    { "floor": 23, "key": "AttackPotion" }
  ],
  "is_trial": false,
  "path_per_floor": [
    "M",
    "?",
    "?",
    "?",
    "M",
    "R",
    "E",
    "R",
    "T",
    "M",
    "R",
    "T",
    "E",
    "M",
    "R",
    "B",
    null,
    "M",
    "M",
    "$",
    "?",
    "$",
    "E",
    "R",
    "E",
    "T",
    "E"
  ],
  "character_chosen": "DEFECT",
  "basemod:card_modifiers": [
    null,
    null,
    null,
    null,
    null,
    null,
    null,
    null,
    null,
    null,
    null,
    null,
    null,
    null,
    null,
    null,
    null,
    null,
    null,
    null,
    null
  ],
  "items_purchased": ["TungstenRod", "Turbo"],
  "campfire_rested": 2,
  "item_purchase_floors": [20, 20],
  "current_hp_per_floor": [
    64, 50, 50, 50, 50, 50, 30, 30, 30, 30, 30, 30, 7, 7, 28, 19, 58, 41, 34,
    34, 34, 34, 22, 43, 32, 32, 0
  ],
  "gold": 63,
  "neow_bonus": "REMOVE_CARD",
  "is_prod": false,
  "is_daily": false,
  "rewards_skipped": [],
  "chose_seed": false,
  "campfire_upgraded": 3,
  "win_rate": 0,
  "floor_exit_playtime": [
    57, 60, 69, 72, 98, 107, 183, 188, 192, 219, 225, 229, 292, 338, 341, 460,
    484, 546, 607, 627, 635, 640, 734, 737, 928, 933
  ],
  "timestamp": 1686842475,
  "path_taken": [
    "M",
    "?",
    "?",
    "?",
    "M",
    "R",
    "E",
    "R",
    "T",
    "M",
    "R",
    "?",
    "E",
    "?",
    "R",
    "BOSS",
    "M",
    "M",
    "$",
    "?",
    "$",
    "E",
    "R",
    "E",
    "T",
    "E"
  ],
  "build_version": "2022-12-18",
  "purchased_purges": 0,
  "victory": false,
  "max_hp_per_floor": [
    71, 71, 71, 71, 71, 71, 71, 71, 71, 71, 71, 71, 71, 71, 71, 71, 71, 71, 71,
    71, 71, 71, 71, 71, 85, 85, 85
  ],
  "card_choices": [
    {
      "not_picked": ["Beam Cell", "Steam Power"],
      "picked": "Redo",
      "floor": 1
    },
    { "not_picked": ["Coolheaded", "Melter"], "picked": "Steam", "floor": 5 },
    { "not_picked": ["Defragment", "Capacitor"], "picked": "Leap", "floor": 7 },
    {
      "not_picked": ["Hologram", "Turbo"],
      "picked": "Genetic Algorithm",
      "floor": 10
    },
    {
      "not_picked": ["Compile Driver", "Consume"],
      "picked": "Skim",
      "floor": 13
    },
    {
      "not_picked": ["Leap", "Hologram"],
      "picked": "Biased Cognition",
      "floor": 14
    },
    {
      "not_picked": ["Hyperbeam", "Creative AI"],
      "picked": "Electrodynamics",
      "floor": 16
    },
    {
      "not_picked": ["Heatsinks", "Beam Cell+1"],
      "picked": "White Noise",
      "floor": 18
    },
    {
      "not_picked": ["Streamline", "Ball Lightning"],
      "picked": "Chill",
      "floor": 19
    },
    {
      "not_picked": ["Go for the Eyes+1", "Redo"],
      "picked": "Loop",
      "floor": 23
    },
    {
      "not_picked": ["Go for the Eyes", "Sweeping Beam", "Aggregate+1"],
      "picked": "SKIP",
      "floor": 25
    }
  ],
  "player_experience": 1469917,
  "relics_obtained": [
    { "floor": 7, "key": "Orichalcum" },
    { "floor": 9, "key": "Art of War" },
    { "floor": 12, "key": "Pen Nib" },
    { "floor": 13, "key": "Matryoshka" },
    { "floor": 23, "key": "Torii" },
    { "floor": 25, "key": "Mango" },
    { "floor": 26, "key": "Bag of Marbles" },
    { "floor": 26, "key": "Shuriken" }
  ],
  "event_choices": [
    {
      "damage_healed": 0,
      "gold_gain": 0,
      "player_choice": "Entered Light",
      "damage_taken": 14,
      "max_hp_gain": 0,
      "max_hp_loss": 0,
      "event_name": "Shining Light",
      "floor": 2,
      "gold_loss": 0,
      "cards_upgraded": ["Strike_B", "Strike_B"]
    },
    {
      "damage_healed": 0,
      "gold_gain": 0,
      "player_choice": "Grow",
      "damage_taken": 0,
      "max_hp_gain": 0,
      "max_hp_loss": 0,
      "event_name": "Living Wall",
      "floor": 3,
      "gold_loss": 0,
      "cards_upgraded": ["Redo"]
    },
    {
      "damage_healed": 0,
      "gold_gain": 0,
      "player_choice": "Ignored",
      "damage_taken": 0,
      "max_hp_gain": 0,
      "max_hp_loss": 0,
      "event_name": "Liars Game",
      "floor": 4,
      "gold_loss": 0
    },
    {
      "damage_healed": 0,
      "gold_gain": 0,
      "cards_transformed": ["Strike_B", "Defend_B"],
      "player_choice": "Became Test Subject",
      "damage_taken": 0,
      "max_hp_gain": 0,
      "max_hp_loss": 0,
      "event_name": "Drug Dealer",
      "floor": 21,
      "gold_loss": 0,
      "cards_obtained": ["Consume", "Gash"]
    }
  ],
  "is_beta": false,
  "boss_relics": [
    { "not_picked": ["Astrolabe", "SacredBark"], "picked": "Snecko Eye" }
  ],
  "items_purged_floors": [],
  "is_endless": false,
  "potions_floor_spawned": [10, 13, 14, 18, 19, 23],
  "killed_by": "Book of Stabbing",
  "ascension_level": 14,
  "potion_discard_per_floor": [
    [],
    [],
    [],
    [],
    [],
    [],
    [],
    [],
    [],
    [],
    [],
    [],
    [],
    [],
    [],
    [],
    [],
    [],
    [],
    [],
    [],
    [],
    [],
    [],
    [],
    [],
    []
  ]
}
