{
  "neow_bonuses_skipped_log": [
    "THREE_CARDS",
    "RANDOM_COLORLESS_2",
    "BOSS_RELIC"
  ],
  "potions_obtained_entropic_brew": [
    [],
    [],
    [],
    [],
    [],
    [],
    [],
    [],
    [],
    [],
    [],
    [],
    [],
    [],
    [],
    [],
    [],
    [],
    [],
    [],
    [],
    [],
    [],
    [],
    [],
    [],
    [],
    [],
    [],
    [],
    [],
    [],
    [],
    [],
    [],
    [],
    [],
    [],
    [],
    []
  ],
  "neow_costs_skipped_log": ["NONE", "PERCENT_DAMAGE", "NONE"],
  "gold_per_floor": [
    116, 2, 2, 2, 2, 35, 35, 60, 60, 93, 93, 103, 117, 142, 142, 214, 214, 225,
    225, 225, 3, 3, 3, 13, 13, 13, 27, 53, 70, 81, 8, 8, 85, 85, 105, 150, 150,
    164, 164, 164
  ],
  "floor_reached": 40,
  "playtime": 1701,
  "items_purged": ["Strike_B"],
  "score": 841,
  "play_id": "5da3d4be-c129-40b7-996a-013eec1b17dd",
  "local_time": "20230619232735",
  "falling_options_log": ["Doom and Gloom", "Capacitor"],
  "score_breakdown": [
    "Floors Climbed (40): 200",
    "Enemies Slain (10): 20",
    "Exordium Elites Killed (4): 40",
    "City Elites Killed (1): 20",
    "Beyond Elites Killed (0): 0",
    "Bosses Slain (2): 150",
    "Collector (1): 25",
    "Champion (2): 50",
    "Ascension (14): 336"
  ],
  "is_ascension_mode": true,
  "potions_obtained_alchemize": [
    [],
    [],
    [],
    [],
    [],
    [],
    [],
    [],
    [],
    [],
    [],
    [],
    [],
    [],
    [],
    [],
    [],
    [],
    [],
    [],
    [],
    [],
    [],
    [],
    [],
    [],
    [],
    [],
    [],
    [],
    [],
    [],
    [],
    [],
    [],
    [],
    [],
    [],
    [],
    []
  ],
  "campfire_choices": [
    { "data": "Zap", "floor": 7, "key": "SMITH" },
    { "data": "Static Discharge", "floor": 11, "key": "SMITH" },
    { "floor": 15, "key": "REST" },
    { "data": "Darkness", "floor": 23, "key": "SMITH" },
    { "data": "Loop", "floor": 25, "key": "SMITH" },
    { "floor": 32, "key": "REST" }
  ],
  "lesson_learned_per_floor": [
    [],
    [],
    [],
    [],
    [],
    [],
    [],
    [],
    [],
    [],
    [],
    [],
    [],
    [],
    [],
    [],
    [],
    [],
    [],
    [],
    [],
    [],
    [],
    [],
    [],
    [],
    [],
    [],
    [],
    [],
    [],
    [],
    [],
    [],
    [],
    [],
    [],
    [],
    [],
    []
  ],
  "neow_cost": "NONE",
  "improvable_cards": {},
  "seed_source_timestamp": 239928713350900,
  "shop_contents": [
    {
      "floor": 2,
      "relics": ["Toxic Egg 2", "Singing Bowl", "Orrery"],
      "cards": ["FTL", "Leap", "Turbo", "Trip", "Transmutation"],
      "potions": ["GamblersBrew", "FocusPotion", "FearPotion"]
    },
    {
      "floor": 4,
      "relics": ["Regal Pillow", "Vajra", "Cauldron"],
      "cards": [
        "Sweeping Beam",
        "Rip and Tear",
        "Chill",
        "White Noise",
        "Storm",
        "Good Instincts",
        "Sadistic Nature"
      ],
      "potions": ["FearPotion", "LiquidMemories", "Fire Potion"]
    },
    {
      "floor": 21,
      "relics": ["Thread and Needle", "Juzu Bracelet", "Lee\u0027s Waffle"],
      "cards": [
        "Ball Lightning",
        "Meteor Strike",
        "White Noise",
        "Dark Shackles",
        "Apotheosis"
      ],
      "potions": ["Energy Potion", "BlessingOfTheForge", "DistilledChaos"]
    },
    {
      "floor": 31,
      "relics": ["Bottled Tornado", "Torii", "Toolbox"],
      "cards": [
        "Sunder",
        "Sweeping Beam",
        "Hologram",
        "Conserve Battery",
        "Dark Shackles",
        "Transmutation"
      ],
      "potions": ["SmokeBomb", "Swift Potion", "Regen Potion"]
    }
  ],
  "circlet_count": 0,
  "master_deck": [
    "AscendersBane",
    "Zap+1",
    "Dualcast+1",
    "Reinforced Body",
    "Capacitor",
    "Melter",
    "Undo",
    "Beam Cell",
    "Static Discharge+1",
    "Darkness+1",
    "Redo",
    "Electrodynamics",
    "Leap+1",
    "Loop+1",
    "Glacier",
    "Leap+1",
    "Skim",
    "Coolheaded",
    "Self Repair",
    "Rainbow",
    "Fission",
    "BootSequence",
    "Stack",
    "Loop",
    "Doom and Gloom",
    "Consume",
    "Leap",
    "Leap+1",
    "Writhe",
    "Cold Snap"
  ],
  "potion_use_per_floor": [
    [],
    [],
    [],
    [],
    [],
    [],
    [],
    [],
    [],
    ["FocusPotion"],
    [],
    [],
    [],
    [],
    [],
    ["Weak Potion"],
    [],
    [],
    [],
    [],
    [],
    [],
    [],
    [],
    [],
    [],
    [],
    ["PowerPotion"],
    [],
    [],
    [],
    [],
    ["EssenceOfSteel", "Ancient Potion"],
    [],
    [],
    [],
    [],
    [],
    [],
    ["Swift Potion"]
  ],
  "relics": [
    "Cracked Core",
    "NeowsBlessing",
    "Anchor",
    "Ornamental Fan",
    "Sundial",
    "Bag of Marbles",
    "HornCleat",
    "Nuclear Battery",
    "CaptainsWheel",
    "Cables",
    "Pandora\u0027s Box",
    "Prayer Wheel"
  ],
  "potions_floor_usage": [10, 16, 28, 33, 33, 40],
  "damage_taken": [
    { "damage": 0, "enemies": "Cultist", "floor": 1, "turns": 1 },
    { "damage": 0, "enemies": "3 Sentries", "floor": 6, "turns": 1 },
    { "damage": 0, "enemies": "Gremlin Nob", "floor": 8, "turns": 1 },
    { "damage": 5, "enemies": "Lagavulin", "floor": 10, "turns": 6 },
    { "damage": 0, "enemies": "Small Slimes", "floor": 12, "turns": 4 },
    { "damage": 0, "enemies": "2 Louse", "floor": 13, "turns": 2 },
    { "damage": 15, "enemies": "Gremlin Nob", "floor": 14, "turns": 4 },
    { "damage": 18, "enemies": "The Guardian", "floor": 16, "turns": 12 },
    { "damage": 16, "enemies": "Shell Parasite", "floor": 18, "turns": 6 },
    { "damage": 2, "enemies": "3 Byrds", "floor": 24, "turns": 1 },
    { "damage": 3, "enemies": "Snake Plant", "floor": 27, "turns": 5 },
    { "damage": 32, "enemies": "Gremlin Leader", "floor": 28, "turns": 7 },
    { "damage": 1, "enemies": "Centurion and Healer", "floor": 29, "turns": 6 },
    { "damage": 0, "enemies": "Sentry and Sphere", "floor": 30, "turns": 3 },
    { "damage": 31, "enemies": "Collector", "floor": 33, "turns": 11 },
    { "damage": 0, "enemies": "3 Shapes", "floor": 35, "turns": 3 },
    { "damage": 58, "enemies": "2 Orb Walkers", "floor": 36, "turns": 5 },
    { "damage": 3, "enemies": "Orb Walker", "floor": 38, "turns": 5 },
    { "damage": 61, "enemies": "Giant Head", "floor": 40, "turns": 10 }
  ],
  "green_key_taken_log": 10,
  "seed_played": "-1916249525694314261",
  "neow_bonus_log": {
    "cardsObtained": [],
    "cardsUpgraded": [],
    "cardsRemoved": [],
    "cardsTransformed": [],
    "relicsObtained": ["NeowsBlessing"],
    "maxHpGained": 0,
    "goldGained": 0,
    "damageTaken": 0,
    "goldLost": 0,
    "maxHpLost": 0
  },
  "potions_obtained": [
    { "floor": 6, "key": "Ancient Potion" },
    { "floor": 8, "key": "FocusPotion" },
    { "floor": 10, "key": "Weak Potion" },
    { "floor": 16, "key": "PowerPotion" },
    { "floor": 29, "key": "EssenceOfSteel" },
    { "floor": 38, "key": "Swift Potion" }
  ],
  "is_trial": false,
  "path_per_floor": [
    "M",
    "$",
    "?",
    "$",
    "?",
    "E",
    "R",
    "E",
    "T",
    "E",
    "R",
    "M",
    "M",
    "E",
    "R",
    "B",
    null,
    "M",
    "?",
    "?",
    "$",
    "?",
    "R",
    "M",
    "R",
    "T",
    "M",
    "E",
    "M",
    "M",
    "$",
    "R",
    "B",
    null,
    "M",
    "?",
    "?",
    "M",
    "?",
    "E"
  ],
  "character_chosen": "DEFECT",
  "basemod:card_modifiers": [
    null,
    null,
    null,
    null,
    null,
    null,
    null,
    null,
    null,
    null,
    null,
    null,
    null,
    null,
    null,
    null,
    null,
    null,
    null,
    null,
    null,
    null,
    null,
    null,
    null,
    null,
    null,
    null,
    null,
    null
  ],
  "items_purchased": ["Capacitor", "Melter", "Loop", "Glacier", "Self Repair"],
  "campfire_rested": 2,
  "item_purchase_floors": [2, 2, 21, 21, 31],
  "current_hp_per_floor": [
    64, 64, 50, 50, 55, 55, 55, 55, 55, 50, 50, 50, 50, 35, 57, 39, 67, 51, 37,
    64, 64, 64, 64, 62, 62, 62, 59, 27, 26, 26, 26, 50, 26, 67, 67, 16, 36, 40,
    40, 0
  ],
  "gold": 164,
  "neow_bonus": "THREE_ENEMY_KILL",
  "is_prod": false,
  "is_daily": false,
  "rewards_skipped": [
    { "floor": 12, "relics": [], "potions": ["Swift Potion"] },
    { "floor": 18, "relics": [], "potions": ["PotionOfCapacity"] },
    { "floor": 30, "relics": [], "potions": ["AttackPotion"] }
  ],
  "chose_seed": false,
  "campfire_upgraded": 4,
  "win_rate": 0,
  "floor_exit_playtime": [
    71, 94, 98, 105, 112, 146, 161, 208, 215, 295, 301, 361, 382, 429, 431, 573,
    584, 657, 664, 669, 691, 694, 703, 734, 740, 744, 817, 945, 1034, 1070,
    1080, 1082, 1261, 1294, 1358, 1456, 1463, 1557, 1563
  ],
  "timestamp": 1687231655,
  "path_taken": [
    "M",
    "$",
    "?",
    "$",
    "?",
    "E",
    "R",
    "E",
    "T",
    "E",
    "R",
    "M",
    "M",
    "E",
    "R",
    "BOSS",
    "M",
    "?",
    "?",
    "$",
    "?",
    "R",
    "?",
    "R",
    "T",
    "M",
    "E",
    "M",
    "M",
    "$",
    "R",
    "BOSS",
    "M",
    "?",
    "?",
    "M",
    "?",
    "E"
  ],
  "build_version": "2022-12-18",
  "purchased_purges": 1,
  "victory": false,
  "max_hp_per_floor": [
    71, 71, 71, 71, 76, 76, 76, 76, 76, 76, 76, 76, 76, 76, 76, 76, 76, 76, 81,
    81, 81, 81, 81, 81, 81, 81, 81, 81, 81, 81, 81, 81, 81, 81, 81, 81, 81, 81,
    81, 81
  ],
  "card_choices": [
    {
      "not_picked": ["Beam Cell", "Compile Driver"],
      "picked": "Reinforced Body",
      "floor": 1
    },
    {
      "not_picked": ["Heatsinks", "Sweeping Beam"],
      "picked": "Undo",
      "floor": 6
    },
    {
      "not_picked": ["Go for the Eyes", "Redo"],
      "picked": "Beam Cell",
      "floor": 8
    },
    {
      "not_picked": ["Turbo", "Biased Cognition"],
      "picked": "Static Discharge",
      "floor": 10
    },
    {
      "not_picked": ["Reprogram", "Storm", "Turbo"],
      "picked": "SKIP",
      "floor": 12
    },
    { "not_picked": ["Storm", "Sunder"], "picked": "Darkness", "floor": 13 },
    {
      "not_picked": ["Heatsinks", "Hello World"],
      "picked": "Redo",
      "floor": 14
    },
    {
      "not_picked": ["Rainbow", "Seek"],
      "picked": "Electrodynamics",
      "floor": 16
    },
    {
      "not_picked": ["Beam Cell", "Reprogram"],
      "picked": "Leap+1",
      "floor": 18
    },
    { "not_picked": ["Storm", "Force Field"], "picked": "Leap+1", "floor": 24 },
    {
      "not_picked": ["Loop", "Go for the Eyes"],
      "picked": "Skim",
      "floor": 27
    },
    {
      "not_picked": ["Genetic Algorithm", "Streamline", "Lockon"],
      "picked": "SKIP",
      "floor": 28
    },
    {
      "not_picked": ["Static Discharge+1", "Ball Lightning"],
      "picked": "Coolheaded",
      "floor": 29
    },
    {
      "not_picked": ["Auto Shields+1", "Barrage", "Streamline"],
      "picked": "SKIP",
      "floor": 30
    },
    { "not_picked": ["Buffer", "Seek"], "picked": "Rainbow", "floor": 33 },
    {
      "not_picked": ["Go for the Eyes", "Gash"],
      "picked": "Leap",
      "floor": 35
    },
    { "not_picked": ["Barrage+1", "Chaos+1"], "picked": "Leap+1", "floor": 36 },
    {
      "not_picked": ["Conserve Battery", "Electrodynamics"],
      "picked": "Cold Snap",
      "floor": 38
    },
    {
      "not_picked": ["Coolheaded", "Reprogram", "Force Field"],
      "picked": "SKIP",
      "floor": 38
    }
  ],
  "player_experience": 1470932,
  "relics_obtained": [
    { "floor": 6, "key": "Anchor" },
    { "floor": 8, "key": "Ornamental Fan" },
    { "floor": 9, "key": "Sundial" },
    { "floor": 10, "key": "Bag of Marbles" },
    { "floor": 14, "key": "HornCleat" },
    { "floor": 26, "key": "CaptainsWheel" },
    { "floor": 28, "key": "Cables" },
    { "floor": 36, "key": "Prayer Wheel" }
  ],
  "event_choices": [
    {
      "damage_healed": 0,
      "gold_gain": 0,
      "player_choice": "Entered Light",
      "damage_taken": 14,
      "max_hp_gain": 0,
      "max_hp_loss": 0,
      "event_name": "Shining Light",
      "floor": 3,
      "gold_loss": 0,
      "cards_upgraded": ["Dualcast", "Defend_B"]
    },
    {
      "damage_healed": 0,
      "gold_gain": 0,
      "player_choice": "Donut",
      "damage_taken": 0,
      "max_hp_gain": 5,
      "max_hp_loss": 0,
      "event_name": "Big Fish",
      "floor": 5,
      "gold_loss": 0
    },
    {
      "damage_healed": 0,
      "gold_gain": 0,
      "player_choice": "Shed Blood",
      "damage_taken": 19,
      "max_hp_gain": 5,
      "max_hp_loss": 0,
      "event_name": "Forgotten Altar",
      "floor": 19,
      "gold_loss": 0
    },
    {
      "damage_healed": 27,
      "gold_gain": 0,
      "player_choice": "Heal",
      "damage_taken": 0,
      "max_hp_gain": 0,
      "max_hp_loss": 0,
      "event_name": "The Library",
      "floor": 20,
      "gold_loss": 0
    },
    {
      "damage_healed": 0,
      "gold_gain": 0,
      "player_choice": "Fight",
      "damage_taken": 0,
      "max_hp_gain": 0,
      "max_hp_loss": 0,
      "event_name": "Mysterious Sphere",
      "floor": 36,
      "gold_loss": 0
    },
    {
      "damage_healed": 20,
      "gold_gain": 0,
      "player_choice": "Writhe",
      "damage_taken": 0,
      "max_hp_gain": 0,
      "max_hp_loss": 0,
      "event_name": "Winding Halls",
      "floor": 37,
      "gold_loss": 0,
      "cards_obtained": ["Writhe"]
    },
    {
      "cards_removed": ["Reprogram"],
      "damage_healed": 0,
      "gold_gain": 0,
      "player_choice": "Removed Skill",
      "damage_taken": 0,
      "max_hp_gain": 0,
      "max_hp_loss": 0,
      "event_name": "Falling",
      "floor": 39,
      "gold_loss": 0
    }
  ],
  "is_beta": false,
  "boss_relics": [
    {
      "not_picked": ["Snecko Eye", "Calling Bell"],
      "picked": "Nuclear Battery"
    },
    {
      "not_picked": ["Empty Cage", "Coffee Dripper"],
      "picked": "Pandora\u0027s Box"
    }
  ],
  "items_purged_floors": [21],
  "is_endless": false,
  "potions_floor_spawned": [6, 8, 10, 12, 16, 18, 29, 30, 38],
  "killed_by": "Giant Head",
  "ascension_level": 14,
  "potion_discard_per_floor": [
    [],
    [],
    [],
    [],
    [],
    [],
    [],
    [],
    [],
    [],
    [],
    [],
    [],
    [],
    [],
    [],
    [],
    [],
    [],
    [],
    [],
    [],
    [],
    [],
    [],
    [],
    [],
    [],
    [],
    [],
    [],
    [],
    [],
    [],
    [],
    [],
    [],
    [],
    [],
    []
  ]
}
