{"gold_per_floor":[369,386,107,107,4,4,14,41,41,41,59,88,108,121,121,195,195,205,36,48,59,59],"floor_reached":22,"playtime":1024,"items_purged":["Strike_R"],"score":396,"play_id":"7ab2e5ef-2802-4d1c-804d-4a1c8dc7e133","local_time":"20221121115757","is_ascension_mode":true,"campfire_choices":[{"data":"Inflame","floor":6,"key":"SMITH"},{"floor":10,"key":"REST"},{"floor":15,"key":"REST"}],"neow_cost":"PERCENT_DAMAGE","seed_source_timestamp":498884725498000,"circlet_count":0,"master_deck":["AscendersBane","Strike_R","Strike_R","Strike_R","Strike_R","Defend_R+1","Defend_R","Defend_R","Defend_R","Bash","Metallicize","Carnage","Inflame+1","Madness+1","Trip+1","Flex+1","Battle Trance+1","Iron Wave","Burning Pact+1","Shrug It Off+1","Immolate","Second Wind+1"],"relics":["Burning Blood","Toxic Egg 2","Nunchaku","War Paint","Akabeko","SlaversCollar","Sling"],"potions_floor_usage":[11,13,14,14,16,18,20,21],"damage_taken":[{"damage":2,"enemies":"Cultist","floor":1,"turns":4},{"damage":13,"enemies":"Jaw Worm","floor":2,"turns":5},{"damage":7,"enemies":"2 Louse","floor":7,"turns":4},{"damage":36,"enemies":"Gremlin Nob","floor":8,"turns":4},{"damage":4,"enemies":"2 Fungi Beasts","floor":11,"turns":3},{"damage":24,"enemies":"3 Sentries","floor":12,"turns":6},{"damage":12,"enemies":"Exordium Wildlife","floor":13,"turns":3},{"damage":0,"enemies":"Red Slaver","floor":14,"turns":1},{"damage":38,"enemies":"The Guardian","floor":16,"turns":8},{"damage":14,"enemies":"Chosen","floor":18,"turns":4},{"damage":0,"enemies":"Shell Parasite","floor":20,"turns":2},{"damage":31,"enemies":"Centurion and Healer","floor":21,"turns":4},{"damage":40,"enemies":"Shelled Parasite and Fungi","floor":22,"turns":3}],"seed_played":"1003766118511961073","potions_obtained":[{"floor":1,"key":"Fruit Juice"},{"floor":12,"key":"ColorlessPotion"},{"floor":13,"key":"EntropicBrew"},{"floor":16,"key":"SpeedPotion"},{"floor":18,"key":"DistilledChaos"},{"floor":20,"key":"hexamod:SoulburnPotion"}],"is_trial":false,"path_per_floor":["M","M","$","T","$","R","M","E","T","R","M","E","M","M","R","B",null,"M","$","M","M","M"],"character_chosen":"IRONCLAD","items_purchased":["Carnage","Inflame","Madness","Trip+1","Sling"],"campfire_rested":2,"item_purchase_floors":[3,3,3,5,19],"current_hp_per_floor":[54,47,47,47,47,47,46,16,16,38,45,27,21,27,51,19,65,57,57,63,38,0],"gold":59,"neow_bonus":"TWO_FIFTY_GOLD","is_prod":false,"is_daily":false,"chose_seed":false,"campfire_upgraded":1,"win_rate":0,"timestamp":1669049877,"path_taken":["M","M","$","?","?","R","M","E","T","R","M","E","?","M","R","BOSS","M","?","?","M","?"],"build_version":"2022-10-04","purchased_purges":1,"victory":false,"max_hp_per_floor":[75,75,75,75,75,75,75,75,75,75,80,80,80,80,80,80,80,80,80,80,80,80],"card_choices":[{"not_picked":["Armaments","Sentinel"],"picked":"Metallicize","floor":1},{"not_picked":["Dual Wield","Pommel Strike","Combust"],"picked":"SKIP","floor":2},{"not_picked":["Thunderclap","Flex+1","Heavy Blade"],"picked":"SKIP","floor":7},{"not_picked":["Carnage","Feel No Pain"],"picked":"Flex+1","floor":8},{"not_picked":["Pommel Strike","True Grit+1"],"picked":"Battle Trance+1","floor":11},{"not_picked":["Evolve","Entrench+1"],"picked":"Iron Wave","floor":12},{"not_picked":["Dark Embrace","Bludgeon"],"picked":"Burning Pact+1","floor":13},{"not_picked":["Heavy Blade","Iron Wave"],"picked":"Shrug It Off+1","floor":14},{"not_picked":["Brutality","Double Tap+1"],"picked":"Immolate","floor":16},{"not_picked":["Thunderclap","Clash+1","Twin Strike"],"picked":"SKIP","floor":18},{"not_picked":["Dark Embrace","Body Slam","Cleave"],"picked":"SKIP","floor":20},{"not_picked":["Body Slam","Thunderclap"],"picked":"Second Wind+1","floor":21}],"player_experience":1461390,"relics_obtained":[{"floor":4,"key":"Toxic Egg 2"},{"floor":8,"key":"Nunchaku"},{"floor":9,"key":"War Paint"},{"floor":12,"key":"Akabeko"}],"event_choices":[],"is_beta":false,"boss_relics":[{"not_picked":["Runic Pyramid","bronze:MakeshiftBattery"],"picked":"SlaversCollar"}],"items_purged_floors":[3],"is_endless":false,"potions_floor_spawned":[1,12,13,16,18,20],"killed_by":"Shelled Parasite and Fungi","ascension_level":20}