{"gold_per_floor":[111,13,23,36,36,66,66,85,85,85,85,100,115,39,39,140,140,160,160,160,171,185,185,28,28,28,48,81,81,31,44,44,44],"floor_reached":33,"playtime":1612,"items_purged":["Feel No Pain","Strike_R+1"],"score":292,"play_id":"f1dc1a9f-6494-4e1f-b6a5-be4f22ebe4ac","local_time":"20221127005118","is_ascension_mode":false,"campfire_choices":[{"data":"Armaments","floor":7.0,"key":"SMITH"},{"data":"Dropkick","floor":10.0,"key":"SMITH"},{"data":"Defend_R","floor":15.0,"key":"SMITH"},{"data":"Clothesline","floor":23,"key":"SMITH"},{"data":"RitualDagger","floor":29,"key":"SMITH"},{"floor":32,"key":"RECALL"}],"neow_cost":"NONE","seed_source_timestamp":976684923490800,"circlet_count":0,"master_deck":["Strike_R+1","Strike_R+1","Strike_R+1","Defend_R+1","Defend_R+1","Defend_R+1","Defend_R+1","Bash","Intimidate","Armaments+1","Thunderclap","Dropkick+1","Clothesline+1","Flex","Flex","Wild Strike","Flex","Wild Strike","Warcry","Immolate","Carnage","Clash","Flex","PanicButton","RitualDagger+1","Shrug It Off"],"special_seed":0,"relics":["Burning Blood","Pen Nib","Matryoshka","White Beast Statue","HornCleat","Mark of Pain","Smiling Mask","Ornamental Fan","Dream Catcher"],"potions_floor_usage":[22,27,28,28,33,33],"damage_taken":[{"damage":6.0,"enemies":"Cultist","floor":1.0,"turns":3.0},{"damage":4.0,"enemies":"Small Slimes","floor":3.0,"turns":4.0},{"damage":2.0,"enemies":"Jaw Worm","floor":4.0,"turns":3.0},{"damage":28.0,"enemies":"Gremlin Nob","floor":6.0,"turns":5.0},{"damage":13.0,"enemies":"Lots of Slimes","floor":8.0,"turns":4.0},{"damage":0.0,"enemies":"Exordium Wildlife","floor":12.0,"turns":2.0},{"damage":9.0,"enemies":"2 Fungi Beasts","floor":13.0,"turns":3.0},{"damage":39.0,"enemies":"The Guardian","floor":16.0,"turns":12.0},{"damage":11.0,"enemies":"2 Thieves","floor":18.0,"turns":3.0},{"damage":0,"enemies":"Spheric Guardian","floor":21,"turns":3},{"damage":10,"enemies":"Chosen and Byrds","floor":22,"turns":3},{"damage":15,"enemies":"Sentry and Sphere","floor":27,"turns":5},{"damage":20,"enemies":"Slavers","floor":28,"turns":4},{"damage":16,"enemies":"Snake Plant","floor":31,"turns":2},{"damage":99,"enemies":"Collector","floor":33,"turns":12}],"seed_played":"-2784662882132228047","potions_obtained":[{"floor":1.0,"key":"HeartOfIron"},{"floor":6.0,"key":"Energy Potion"},{"floor":12.0,"key":"Fruit Juice"},{"floor":13.0,"key":"SteroidPotion"},{"floor":16.0,"key":"EssenceOfSteel"},{"floor":18.0,"key":"BloodPotion"},{"floor":21,"key":"Energy Potion"},{"floor":22,"key":"GamblersBrew"},{"floor":27,"key":"Strength Potion"},{"floor":28,"key":"BloodPotion"},{"floor":31,"key":"Regen Potion"}],"is_trial":false,"path_per_floor":["M","$","M","M","?","E","R","M","T","R","?","M","M","$","R","B",null,"M","?","?","M","M","R","$","?","T","M","E","R","$","M","R","B"],"character_chosen":"IRONCLAD","items_purchased":["Armaments","Thunderclap","Wild Strike","Warcry","PanicButton"],"campfire_rested":0,"item_purchase_floors":[2,2,14,14,24],"current_hp_per_floor":[80,80,80,80,85,63,63,56,56,56,56,67,64,64,64,31,90,85,85,85,90,86,86,86,80,80,71,75,75,75,65,65,0],"gold":44,"neow_bonus":"RANDOM_COMMON_RELIC","is_prod":false,"is_daily":false,"chose_seed":false,"campfire_upgraded":5,"win_rate":0,"timestamp":1669528278,"path_taken":["M","$","?","?","?","E","R","M","T","R","?","?","M","$","R","BOSS","M","?","?","M","?","R","$","?","T","M","E","R","?","M","R","BOSS"],"build_version":"2022-10-04","purchased_purges":2,"victory":false,"max_hp_per_floor":[80,80,80,80,85,85,85,85,85,85,85,90,90,90,90,90,90,90,90,90,90,90,90,90,90,90,90,90,90,90,90,90,90],"card_choices":[{"not_picked":["Pommel Strike","Dual Wield"],"picked":"Intimidate","floor":1.0},{"not_picked":["Headbutt","Havoc"],"picked":"Dropkick","floor":3.0},{"not_picked":["Headbutt","Pommel Strike"],"picked":"Clothesline","floor":4.0},{"not_picked":["Havoc","Shockwave"],"picked":"Flex","floor":6.0},{"not_picked":["Pommel Strike","Body Slam"],"picked":"Flex","floor":8.0},{"not_picked":["Body Slam","Warcry"],"picked":"Wild Strike","floor":12.0},{"not_picked":["Power Through","Evolve"],"picked":"Flex","floor":13.0},{"not_picked":["Limit Break","Berserk"],"picked":"Immolate","floor":16.0},{"not_picked":["Pummel","Sword Boomerang"],"picked":"Carnage","floor":18.0},{"not_picked":["Pommel Strike+1","Heavy Blade"],"picked":"Clash","floor":21},{"not_picked":["Perfected Strike","Juggernaut"],"picked":"Flex","floor":22},{"not_picked":["Pommel Strike","Warcry"],"picked":"Shrug It Off","floor":27},{"not_picked":["Warcry","Fire Breathing+1","Sword Boomerang+1"],"picked":"SKIP","floor":28},{"not_picked":["Blood for Blood","Evolve+1","Clothesline"],"picked":"SKIP","floor":31}],"player_experience":1231733,"relics_obtained":[{"floor":6.0,"key":"Matryoshka"},{"floor":9.0,"key":"White Beast Statue"},{"floor":9.0,"key":"HornCleat"},{"floor":26,"key":"Smiling Mask"},{"floor":26,"key":"Ornamental Fan"},{"floor":28,"key":"Dream Catcher"}],"event_choices":[{"damage_healed":0.0,"max_hp_gain":5.0,"max_hp_loss":0.0,"gold_gain":0.0,"event_name":"Big Fish","player_choice":"Donut","floor":5.0,"gold_loss":0.0,"damage_taken":0.0},{"damage_healed":0.0,"max_hp_gain":0.0,"max_hp_loss":0.0,"gold_gain":0.0,"cards_transformed":["Strike_R"],"event_name":"Transmorgrifier","player_choice":"Transformed","floor":11.0,"gold_loss":0.0,"damage_taken":0.0,"cards_obtained":["Feel No Pain"]},{"damage_healed":0,"gold_gain":0,"player_choice":"Simplicity","damage_taken":0,"max_hp_gain":0,"max_hp_loss":0,"event_name":"Back to Basics","floor":19,"gold_loss":0,"cards_upgraded":["Strike_R","Strike_R","Strike_R","Strike_R","Defend_R","Defend_R","Defend_R"]},{"damage_healed":0,"gold_gain":0,"player_choice":"Ignored","damage_taken":0,"max_hp_gain":0,"max_hp_loss":0,"event_name":"Ghosts","floor":20,"gold_loss":0},{"damage_healed":0,"gold_gain":0,"player_choice":"Joined the Cult","damage_taken":6,"max_hp_gain":0,"max_hp_loss":0,"event_name":"Nest","floor":25,"gold_loss":0,"cards_obtained":["RitualDagger"]}],"is_beta":false,"boss_relics":[{"not_picked":["Fusion Hammer","Tiny House"],"picked":"Mark of Pain"}],"items_purged_floors":[24,30],"is_endless":false,"potions_floor_spawned":[1,6,12,13,16,18,21,22,27,28,31],"killed_by":"Collector","ascension_level":0}