{"gold_per_floor":[113,113,23,23,37,37,62,14,39,50,81,81,96,96,96,196,196,206,206,58,58,58,88,88,108,108,128,145,145,145,165,165,165],"floor_reached":33,"playtime":1826,"items_purged":[],"score":300,"play_id":"a58a255e-987f-4aec-84b6-832271755218","local_time":"20221125200849","is_ascension_mode":false,"campfire_choices":[{"data":"Defend_R","floor":6,"key":"SMITH"},{"data":"Strike_R","floor":12,"key":"SMITH"},{"data":"Strike_R","floor":15,"key":"SMITH"},{"data":"Fiend Fire","floor":24,"key":"SMITH"},{"floor":30,"key":"REST"},{"data":"Dark Shackles","floor":32,"key":"SMITH"}],"neow_cost":"NONE","seed_source_timestamp":873143763856000,"circlet_count":0,"master_deck":["Strike_R+1","Strike_R+1","Defend_R","Defend_R","Defend_R","Defend_R+1","Bash","Power Through","Dark Shackles+1","Spot Weakness","Shrug It Off","Shrug It Off","Clash","Clash","Fiend Fire+1","Shrug It Off","Shame","Body Slam+1","Disarm","Flame Barrier","Thunderclap+1","Power Through"],"relics":["Burning Blood","NeowsBlessing","Potion Belt","Question Card","Anchor","Dead Branch","Empty Cage","OrangePellets","Orichalcum","Nilry\u0027s Codex","Oddly Smooth Stone","Molten Egg 2"],"potions_floor_usage":[10,11,11,11,11,11,11,11,11,13,16,16,16,23,29],"damage_taken":[{"damage":0,"enemies":"2 Louse","floor":1,"turns":1},{"damage":0,"enemies":"Small Slimes","floor":5,"turns":2},{"damage":0,"enemies":"3 Sentries","floor":7,"turns":2},{"damage":1,"enemies":"Cultist","floor":10,"turns":4},{"damage":5,"enemies":"Lagavulin","floor":11,"turns":6},{"damage":0,"enemies":"Red Slaver","floor":13,"turns":2},{"damage":10,"enemies":"The Guardian","floor":16,"turns":13},{"damage":3,"enemies":"Shell Parasite","floor":18,"turns":3},{"damage":40,"enemies":"Book of Stabbing","floor":23,"turns":5},{"damage":0,"enemies":"Chosen","floor":25,"turns":5},{"damage":8,"enemies":"Centurion and Healer","floor":27,"turns":5},{"damage":15,"enemies":"Snake Plant","floor":28,"turns":8},{"damage":15,"enemies":"3 Cultists","floor":29,"turns":5},{"damage":20,"enemies":"Shelled Parasite and Fungi","floor":31,"turns":5},{"damage":74,"enemies":"Automaton","floor":33,"turns":6}],"seed_played":"-4038464297278324747","potions_obtained":[{"floor":1,"key":"GamblersBrew"},{"floor":4,"key":"SpeedPotion"},{"floor":4,"key":"EntropicBrew"},{"floor":4,"key":"SneckoOil"},{"floor":13,"key":"Fruit Juice"},{"floor":18,"key":"LiquidMemories"},{"floor":23,"key":"SmokeBomb"}],"is_trial":false,"path_per_floor":["M","?","$","?","M","R","E","$","T","M","E","R","M","?","R","B",null,"M","?","$","?","?","E","R","M","T","M","M","M","R","M","R","B"],"character_chosen":"IRONCLAD","items_purchased":["Dark Shackles","Shrug It Off","OrangePellets"],"campfire_rested":1,"item_purchase_floors":[3,8,20],"current_hp_per_floor":[80,77,77,77,80,80,80,80,80,80,80,80,85,78,78,74,85,85,85,85,85,69,35,35,41,41,39,30,21,46,32,32,0],"gold":165,"neow_bonus":"THREE_ENEMY_KILL","is_prod":false,"is_daily":false,"chose_seed":false,"campfire_upgraded":5,"win_rate":0,"timestamp":1669424929,"path_taken":["M","?","$","?","?","R","E","?","T","M","E","R","M","?","R","BOSS","M","?","$","?","?","E","R","?","T","M","M","M","R","M","R","BOSS"],"build_version":"2022-10-04","purchased_purges":0,"victory":false,"max_hp_per_floor":[80,80,80,80,80,80,80,80,80,80,80,80,85,85,85,85,85,85,85,85,85,85,85,85,85,85,85,85,85,85,85,85,85],"card_choices":[{"not_picked":["Pummel","Ghostly Armor"],"picked":"Power Through","floor":1},{"not_picked":["Iron Wave","Body Slam"],"picked":"Spot Weakness","floor":5},{"not_picked":["Armaments","Clothesline","Heavy Blade"],"picked":"SKIP","floor":7},{"not_picked":["Havoc","Iron Wave","Entrench"],"picked":"Shrug It Off","floor":10},{"not_picked":["Anger","Headbutt","Twin Strike"],"picked":"Clash","floor":11},{"not_picked":["Sword Boomerang","Rampage","Headbutt"],"picked":"Clash","floor":13},{"not_picked":["Bludgeon","Exhume","Feed"],"picked":"Fiend Fire","floor":16},{"not_picked":["Twin Strike","Rampage","Evolve+1"],"picked":"Shrug It Off","floor":18},{"not_picked":["Cleave+1","Thunderclap","Fire Breathing"],"picked":"Body Slam+1","floor":23},{"not_picked":["Iron Wave","Havoc","Intimidate"],"picked":"Disarm","floor":25},{"not_picked":["Sword Boomerang+1","Rampage+1","Fire Breathing"],"picked":"Flame Barrier","floor":27},{"not_picked":["Flex","Bloodletting+1","Armaments"],"picked":"Thunderclap+1","floor":28},{"not_picked":["Anger+1","Clash+1","Brutality"],"picked":"Power Through","floor":31}],"player_experience":1229854,"relics_obtained":[{"floor":7,"key":"Question Card"},{"floor":9,"key":"Anchor"},{"floor":11,"key":"Dead Branch"},{"floor":22,"key":"Nilry\u0027s Codex"},{"floor":23,"key":"Oddly Smooth Stone"},{"floor":26,"key":"Molten Egg 2"}],"event_choices":[{"damage_healed":0,"gold_gain":0,"player_choice":"Success","damage_taken":3,"relics_obtained":["Potion Belt"],"max_hp_gain":0,"max_hp_loss":0,"event_name":"Scrap Ooze","floor":2,"gold_loss":0},{"damage_healed":0,"gold_gain":0,"player_choice":"Got Potions","damage_taken":0,"max_hp_gain":0,"max_hp_loss":0,"event_name":"Lab","floor":4,"gold_loss":0},{"cards_removed":["Strike_R"],"damage_healed":0,"gold_gain":0,"player_choice":"Card Removal","damage_taken":7,"max_hp_gain":0,"max_hp_loss":0,"event_name":"Golden Wing","floor":14,"gold_loss":0},{"damage_healed":0,"gold_gain":0,"player_choice":"Ignored","damage_taken":0,"max_hp_gain":0,"max_hp_loss":0,"event_name":"Vampires","floor":19,"gold_loss":0},{"damage_healed":0,"gold_gain":0,"player_choice":"Stole Relic","damage_taken":0,"relics_obtained":["Orichalcum"],"max_hp_gain":0,"max_hp_loss":0,"event_name":"Addict","floor":21,"gold_loss":0,"cards_obtained":["Shame"]},{"damage_healed":0,"gold_gain":0,"player_choice":"Obtained Book","damage_taken":16,"max_hp_gain":0,"max_hp_loss":0,"event_name":"Cursed Tome","floor":22,"gold_loss":0}],"is_beta":false,"boss_relics":[{"not_picked":["Ectoplasm","Runic Pyramid"],"picked":"Empty Cage"}],"items_purged_floors":[],"is_endless":false,"potions_floor_spawned":[1,13,18,23,29],"killed_by":"Automaton","ascension_level":0}