{"gold_per_floor":[117,6,81,45,45,45,58,90,113,113,126,126,143,159,159,262,262,272,187,187,197,208,208,221,233,259,259,287,287,27,44,44,44],"floor_reached":33,"playtime":1547,"items_purged":["Strike_R","Parasite"],"score":267,"play_id":"5ec58aa2-e45e-47f5-8d73-0d068b0b11c9","local_time":"20221203230307","is_ascension_mode":false,"campfire_choices":[{"data":"Defend_R","floor":6.0,"key":"SMITH"},{"floor":12.0,"key":"REST"},{"data":"Flex","floor":15.0,"key":"SMITH"},{"floor":23.0,"key":"RECALL"},{"data":"Flame Barrier","floor":27,"key":"SMITH"},{"data":"Bludgeon","floor":32,"key":"SMITH"}],"neow_cost":"NONE","seed_source_timestamp":1575052198758800,"circlet_count":0,"master_deck":["Strike_R","Strike_R","Strike_R","Defend_R+1","Defend_R","Defend_R+1","Defend_R","Bash","Metallicize","Blood for Blood+1","Reckless Charge","Flex+1","Anger","Flame Barrier+1","Immolate","Power Through","Perfected Strike+1","Clash+1","Power Through","Jack Of All Trades","Bludgeon+1"],"special_seed":0,"relics":["Burning Blood","Gambling Chip","Orichalcum","Cursed Key","Eternal Feather","Lantern"],"potions_floor_usage":[28,28],"damage_taken":[{"damage":6.0,"enemies":"Jaw Worm","floor":1.0,"turns":3.0},{"damage":3.0,"enemies":"2 Louse","floor":7.0,"turns":3.0},{"damage":29.0,"enemies":"Lagavulin","floor":8.0,"turns":6.0},{"damage":0.0,"enemies":"Small Slimes","floor":11.0,"turns":3.0},{"damage":0.0,"enemies":"3 Louse","floor":13.0,"turns":3.0},{"damage":0.0,"enemies":"Looter","floor":14.0,"turns":3.0},{"damage":7.0,"enemies":"Slime Boss","floor":16.0,"turns":6.0},{"damage":0.0,"enemies":"Chosen","floor":18.0,"turns":3.0},{"damage":11.0,"enemies":"2 Thieves","floor":21.0,"turns":4.0},{"damage":13.0,"enemies":"Centurion and Healer","floor":22.0,"turns":4.0},{"damage":24.0,"enemies":"Cultist and Chosen","floor":24.0,"turns":7.0},{"damage":7,"enemies":"Snake Plant","floor":25,"turns":3},{"damage":31,"enemies":"Gremlin Leader","floor":28,"turns":8},{"damage":0,"enemies":"Snecko","floor":31,"turns":4},{"damage":106,"enemies":"Collector","floor":33,"turns":9}],"seed_played":"-2033396617674795177","potions_obtained":[{"floor":7.0,"key":"PowerPotion"},{"floor":13.0,"key":"PowerPotion"},{"floor":16.0,"key":"Explosive Potion"},{"floor":24.0,"key":"BloodPotion"},{"floor":25,"key":"Energy Potion"},{"floor":28,"key":"Fruit Juice"},{"floor":31,"key":"FairyPotion"}],"is_trial":false,"path_per_floor":["M","$","?","$","?","R","M","E","T","?","M","R","M","M","R","B",null,"M","?","?","M","M","R","M","M","T","R","E","?","$","M","R","B"],"character_chosen":"IRONCLAD","items_purchased":["Blood for Blood","Reckless Charge","Jack Of All Trades","Bludgeon"],"campfire_rested":1,"item_purchase_floors":[2,4,30,30],"current_hp_per_floor":[80,80,69,69,69,69,72,49,49,33,39,63,69,75,75,74,80,80,80,80,75,68,77,75,74,74,80,60,60,60,66,78,0],"gold":44,"neow_bonus":"REMOVE_CARD","is_prod":false,"is_daily":false,"chose_seed":false,"campfire_upgraded":4,"win_rate":0,"timestamp":1670126587,"path_taken":["M","$","?","$","?","R","M","E","T","?","M","R","M","M","R","BOSS","M","?","?","M","?","R","M","M","T","R","E","?","$","M","R","BOSS"],"build_version":"2022-12-01","purchased_purges":2,"victory":false,"max_hp_per_floor":[80,80,80,80,80,80,80,80,80,80,80,80,80,80,80,80,80,80,80,80,80,80,80,80,80,80,80,85,85,82,82,82,82],"card_choices":[{"not_picked":["Heavy Blade","Feel No Pain"],"picked":"Metallicize","floor":1.0},{"not_picked":["Body Slam","Twin Strike"],"picked":"Sever Soul","floor":7.0},{"not_picked":["Rupture","Sword Boomerang"],"picked":"Flex","floor":8.0},{"not_picked":["True Grit","Clothesline"],"picked":"Anger","floor":11.0},{"not_picked":["Fire Breathing","Shockwave"],"picked":"Flame Barrier","floor":13.0},{"not_picked":["Armaments","Warcry","Dark Embrace"],"picked":"SKIP","floor":14.0},{"not_picked":["Impervious","Demon Form"],"picked":"Immolate","floor":16.0},{"not_picked":["Wild Strike+1","Warcry"],"picked":"Power Through","floor":18.0},{"not_picked":["Clash","Warcry"],"picked":"Perfected Strike+1","floor":21.0},{"not_picked":["Body Slam","Warcry","Cleave"],"picked":"SKIP","floor":22.0},{"not_picked":["Havoc","Clothesline"],"picked":"Clash+1","floor":24.0},{"not_picked":["Sword Boomerang+1","Thunderclap+1","Headbutt"],"picked":"SKIP","floor":25},{"not_picked":["Battle Trance","Flame Barrier","Sentinel"],"picked":"SKIP","floor":28},{"not_picked":["Sword Boomerang","Wild Strike","Flex"],"picked":"SKIP","floor":31}],"player_experience":1242058,"relics_obtained":[{"floor":8.0,"key":"Gambling Chip"},{"floor":9.0,"key":"Orichalcum"},{"floor":28,"key":"Lantern"}],"event_choices":[{"damage_healed":0.0,"max_hp_gain":0.0,"max_hp_loss":0.0,"gold_gain":75.0,"event_name":"World of Goop","player_choice":"Gather Gold","floor":3.0,"gold_loss":0.0,"damage_taken":11.0},{"damage_healed":0.0,"max_hp_gain":0.0,"max_hp_loss":0.0,"gold_gain":0.0,"event_name":"Living Wall","player_choice":"Grow","floor":5.0,"gold_loss":0.0,"damage_taken":0.0,"cards_upgraded":["Defend_R"]},{"damage_healed":0.0,"max_hp_gain":0.0,"max_hp_loss":0.0,"gold_gain":0.0,"event_name":"Shining Light","player_choice":"Entered Light","floor":10.0,"gold_loss":0.0,"damage_taken":16.0,"cards_upgraded":["Sever Soul","Blood for Blood"]},{"damage_healed":0.0,"max_hp_gain":0.0,"max_hp_loss":0.0,"gold_gain":0.0,"event_name":"Addict","player_choice":"Obtained Relic","floor":19.0,"gold_loss":85.0,"damage_taken":0.0,"relics_obtained":["Eternal Feather"]},{"cards_removed":["Sever Soul"],"damage_healed":0.0,"max_hp_gain":0.0,"max_hp_loss":0.0,"gold_gain":0.0,"event_name":"Purifier","player_choice":"Purged","floor":20.0,"gold_loss":0.0,"damage_taken":0.0},{"damage_healed":0,"gold_gain":0,"player_choice":"Read","damage_taken":0,"max_hp_gain":0,"max_hp_loss":0,"event_name":"The Library","floor":29,"gold_loss":0,"cards_obtained":["Power Through"]}],"is_beta":false,"boss_relics":[{"not_picked":["Sozu","Coffee Dripper"],"picked":"Cursed Key"}],"items_purged_floors":[2,30],"is_endless":false,"potions_floor_spawned":[7,13,16,24,25,28,31],"killed_by":"Collector","ascension_level":0}