{"gold_per_floor":[117,14,32,9,9,9,21,35,80,100,100,120,31,31,31,127,127,137,157,157,157,13,13,28,28,28,42,62,62,76,90,90,90],"floor_reached":33,"playtime":1673,"items_purged":[],"score":241,"play_id":"3e29ec26-67aa-42ed-94f2-feec88710713","local_time":"20221204120928","is_ascension_mode":false,"campfire_choices":[{"data":"Uppercut","floor":6.0,"key":"SMITH"},{"data":"Infernal Blade","floor":11.0,"key":"SMITH"},{"data":"True Grit","floor":15.0,"key":"SMITH"},{"data":"Dual Wield","floor":23,"key":"SMITH"},{"data":"Limit Break","floor":25,"key":"SMITH"},{"data":"Feel No Pain","floor":29,"key":"SMITH"},{"floor":32,"key":"REST"}],"neow_cost":"PERCENT_DAMAGE","seed_source_timestamp":1622129096418400,"circlet_count":0,"master_deck":["Strike_R","Strike_R","Strike_R","Strike_R","Defend_R","Defend_R","Defend_R","Bash","Uppercut+1","Sentinel","Dual Wield+1","Thunderclap","Headbutt","Shrug It Off","Spot Weakness","Carnage","Infernal Blade+1","Exhume","Flame Barrier","True Grit+1","Bandage Up","Limit Break+1","Feel No Pain+1","Evolve","Intimidate"],"special_seed":0,"relics":["Burning Blood","Prayer Wheel","Omamori","Busted Crown","Lee\u0027s Waffle"],"potions_floor_usage":[18,28,33,33],"damage_taken":[{"damage":1.0,"enemies":"Cultist","floor":1.0,"turns":3.0},{"damage":2.0,"enemies":"Small Slimes","floor":3.0,"turns":4.0},{"damage":7.0,"enemies":"2 Louse","floor":7.0,"turns":3.0},{"damage":7.0,"enemies":"2 Fungi Beasts","floor":8.0,"turns":3.0},{"damage":17.0,"enemies":"Gremlin Gang","floor":10.0,"turns":4.0},{"damage":2.0,"enemies":"Looter","floor":12.0,"turns":3.0},{"damage":50.0,"enemies":"Hexaghost","floor":16.0,"turns":9.0},{"damage":0,"enemies":"2 Thieves","floor":18,"turns":3},{"damage":32,"enemies":"3 Byrds","floor":19,"turns":4},{"damage":29,"enemies":"3 Cultists","floor":24,"turns":7},{"damage":38,"enemies":"Cultist and Chosen","floor":27,"turns":7},{"damage":6,"enemies":"Snake Plant","floor":28,"turns":4},{"damage":16,"enemies":"Sentry and Sphere","floor":30,"turns":8},{"damage":30,"enemies":"Centurion and Healer","floor":31,"turns":8},{"damage":77,"enemies":"Automaton","floor":33,"turns":6}],"seed_played":"-4876903218768875670","potions_obtained":[{"floor":1.0,"key":"BloodPotion"},{"floor":3.0,"key":"Dexterity Potion"},{"floor":8.0,"key":"Weak Potion"},{"floor":16.0,"key":"Block Potion"},{"floor":27,"key":"Fire Potion"},{"floor":30,"key":"SteroidPotion"},{"floor":31,"key":"Swift Potion"}],"is_trial":false,"path_per_floor":["M","$","M","$","T","R","M","M","T","M","R","M","$","?","R","B",null,"M","M","?","?","$","R","M","R","T","M","M","R","M","M","R","B"],"character_chosen":"IRONCLAD","items_purchased":["Inflame","Thunderclap","Shrug It Off","Bandage Up","Lee\u0027s Waffle"],"campfire_rested":1,"item_purchase_floors":[2,2,4,13,22],"current_hp_per_floor":[61,61,80,80,80,80,79,78,78,67,67,71,71,80,80,40,80,80,54,54,54,87,87,68,68,68,44,44,44,38,18,44,0],"gold":90,"neow_bonus":"TRANSFORM_TWO_CARDS","is_prod":false,"is_daily":false,"chose_seed":false,"campfire_upgraded":6,"win_rate":0,"timestamp":1670173768,"path_taken":["M","$","?","$","?","R","M","M","T","M","R","?","?","?","R","BOSS","M","?","?","?","$","R","?","R","T","M","M","R","M","M","R","BOSS"],"build_version":"2022-12-01","purchased_purges":0,"victory":false,"max_hp_per_floor":[80,80,80,80,80,80,80,80,80,80,80,80,80,80,80,80,80,80,80,80,80,87,87,87,87,87,87,87,87,87,87,87,87],"card_choices":[{"not_picked":["Shrug It Off","Cleave"],"picked":"Dual Wield","floor":1.0},{"not_picked":["Dropkick","Pummel"],"picked":"Headbutt","floor":3.0},{"not_picked":["Dropkick","Pommel Strike"],"picked":"Spot Weakness","floor":7.0},{"not_picked":["Shockwave","Wild Strike"],"picked":"Carnage","floor":7.0},{"not_picked":["Anger","Headbutt"],"picked":"Infernal Blade","floor":8.0},{"not_picked":["Clash","Pommel Strike","Havoc"],"picked":"SKIP","floor":8.0},{"not_picked":["Battle Trance","Feel No Pain"],"picked":"Exhume","floor":10.0},{"not_picked":["Entrench","Dark Embrace"],"picked":"Flame Barrier","floor":10.0},{"not_picked":["Clothesline","Perfected Strike"],"picked":"True Grit","floor":12.0},{"not_picked":["Twin Strike","Wild Strike","Iron Wave"],"picked":"SKIP","floor":12.0},{"not_picked":["Offering","Barricade"],"picked":"Limit Break","floor":16.0},{"not_picked":[],"picked":"Feel No Pain","floor":18},{"not_picked":[],"picked":"Evolve","floor":18},{"not_picked":["Intimidate"],"picked":"SKIP","floor":19},{"not_picked":["Clash"],"picked":"SKIP","floor":19},{"not_picked":[],"picked":"Intimidate","floor":19},{"not_picked":["Clash"],"picked":"SKIP","floor":19},{"not_picked":["Evolve"],"picked":"SKIP","floor":24},{"not_picked":["Sword Boomerang+1"],"picked":"SKIP","floor":24},{"not_picked":["Flex"],"picked":"SKIP","floor":27},{"not_picked":["Havoc"],"picked":"SKIP","floor":27},{"not_picked":["Sword Boomerang"],"picked":"SKIP","floor":28},{"not_picked":["Pommel Strike"],"picked":"SKIP","floor":28},{"not_picked":["Headbutt"],"picked":"SKIP","floor":30},{"not_picked":["Shrug It Off"],"picked":"SKIP","floor":30},{"not_picked":["Clash+1"],"picked":"SKIP","floor":31},{"not_picked":["Perfected Strike"],"picked":"SKIP","floor":31}],"player_experience":1246854,"relics_obtained":[{"floor":5.0,"key":"Prayer Wheel"},{"floor":9.0,"key":"Omamori"}],"event_choices":[{"cards_removed":["Inflame"],"damage_healed":9.0,"max_hp_gain":0.0,"max_hp_loss":0.0,"gold_gain":0.0,"event_name":"Bonfire Elementals","player_choice":"Offered Uncommon","floor":14.0,"gold_loss":0.0,"damage_taken":0.0},{"damage_healed":0,"gold_gain":0,"player_choice":"Ignored","damage_taken":0,"max_hp_gain":0,"max_hp_loss":0,"event_name":"Ghosts","floor":20,"gold_loss":0},{"damage_healed":0,"gold_gain":0,"player_choice":"Ignored","damage_taken":0,"max_hp_gain":0,"max_hp_loss":0,"event_name":"NoteForYourself","floor":21,"gold_loss":0}],"is_beta":false,"boss_relics":[{"not_picked":["Coffee Dripper","Black Star"],"picked":"Busted Crown"}],"items_purged_floors":[],"is_endless":false,"potions_floor_spawned":[1,3,8,16,27,30,31],"killed_by":"Automaton","ascension_level":0}