{"gold_per_floor":[109,109,125,200,15,48,48,82,131,131,150,9,9,25,25,156,156,171,194,194,210,228,262,286,286,311,327,327,20,40,40,40,168,168,192,192,207,231,60,60,83,83,83,99,25,358,368,382,382,382],"floor_reached":51,"playtime":2301,"items_purged":["Strike_R","Bash"],"score":806,"play_id":"7bfc55b6-5dd7-4618-9844-ce1af1e58911","local_time":"20221212140743","is_ascension_mode":false,"campfire_choices":[{"data":"Flex","floor":7.0,"key":"SMITH"},{"data":"Blood for Blood","floor":13.0,"key":"SMITH"},{"data":"Combust","floor":15.0,"key":"SMITH"},{"data":"True Grit","floor":25,"key":"SMITH"},{"data":"Immolate","floor":32,"key":"SMITH"},{"data":"Panacea","floor":40,"key":"SMITH"},{"data":"Flame Barrier","floor":42,"key":"SMITH"},{"data":"Dark Embrace","floor":49,"key":"SMITH"}],"neow_cost":"NONE","seed_source_timestamp":505458621193200,"circlet_count":0,"master_deck":["Strike_R","Strike_R","Defend_R","Defend_R","Defend_R","Defend_R+1","Bash","Combust+1","Shrug It Off+1","Battle Trance","Flex+1","Pummel","Blood for Blood+1","Flash of Steel","Headbutt","Ghostly Armor","Immolate+1","True Grit+1","Limit Break+1","Disarm+1","Panacea+1","Flame Barrier+1","Burning Pact","Dark Embrace+1","Iron Wave+1","Pommel Strike+1"],"special_seed":0,"relics":["Burning Blood","PreservedInsect","MealTicket","War Paint","Potion Belt","Busted Crown","Blue Candle","Toy Ornithopter","OrangePellets","Runic Cube","Bronze Scales"],"potions_floor_usage":[24,33,35,41,47,47,47,50],"damage_taken":[{"damage":3.0,"enemies":"Small Slimes","floor":1.0,"turns":4.0},{"damage":7.0,"enemies":"2 Louse","floor":3.0,"turns":3.0},{"damage":16.0,"enemies":"Gremlin Nob","floor":6.0,"turns":3.0},{"damage":18.0,"enemies":"3 Sentries","floor":8.0,"turns":5.0},{"damage":0.0,"enemies":"Jaw Worm","floor":11.0,"turns":2.0},{"damage":9.0,"enemies":"Exordium Thugs","floor":14.0,"turns":3.0},{"damage":38.0,"enemies":"Slime Boss","floor":16.0,"turns":7.0},{"damage":2.0,"enemies":"Spheric Guardian","floor":18.0,"turns":2.0},{"damage":2.0,"enemies":"Chosen","floor":19.0,"turns":4.0},{"damage":2.0,"enemies":"Snecko","floor":21.0,"turns":3.0},{"damage":5.0,"enemies":"Centurion and Healer","floor":22.0,"turns":4.0},{"damage":19.0,"enemies":"Slavers","floor":23.0,"turns":2.0},{"damage":13,"enemies":"Snake Plant","floor":24,"turns":3},{"damage":21,"enemies":"Sentry and Sphere","floor":27,"turns":5},{"damage":20,"enemies":"Centurion and Healer","floor":30,"turns":4},{"damage":56,"enemies":"Collector","floor":33,"turns":8},{"damage":0,"enemies":"Orb Walker","floor":35,"turns":3},{"damage":1,"enemies":"3 Shapes","floor":37,"turns":2},{"damage":48,"enemies":"3 Darklings","floor":38,"turns":5},{"damage":6,"enemies":"Transient","floor":41,"turns":5},{"damage":15,"enemies":"Maw","floor":44,"turns":7},{"damage":21,"enemies":"Writhing Mass","floor":47,"turns":6},{"damage":12,"enemies":"4 Shapes","floor":48,"turns":4},{"damage":61,"enemies":"Time Eater","floor":50,"turns":8}],"seed_played":"-5900593920488874508","potions_obtained":[{"floor":0.0,"key":"FearPotion"},{"floor":0.0,"key":"DistilledChaos"},{"floor":0.0,"key":"EssenceOfSteel"},{"floor":1.0,"key":"BlessingOfTheForge"},{"floor":6.0,"key":"LiquidBronze"},{"floor":11.0,"key":"Fruit Juice"},{"floor":18.0,"key":"EntropicBrew"},{"floor":21.0,"key":"DuplicationPotion"},{"floor":22.0,"key":"Ancient Potion"},{"floor":23.0,"key":"ElixirPotion"},{"floor":33,"key":"AttackPotion"},{"floor":38,"key":"Explosive Potion"},{"floor":44,"key":"AttackPotion"},{"floor":48,"key":"Swift Potion"}],"is_trial":false,"path_per_floor":["M","?","M","?","$","E","R","E","T","?","M","$","R","M","R","B",null,"M","M","?","M","M","E","M","R","T","M","?","$","M","$","R","B",null,"M","?","M","M","$","R","M","R","T","M","$","?","M","M","R","B",null],"character_chosen":"IRONCLAD","items_purchased":["PreservedInsect","Battle Trance","Flash of Steel","Headbutt","OrangePellets","Panacea","Dark Embrace","DuplicationPotion"],"campfire_rested":0,"item_purchase_floors":[5,5,12,12,29,29,39,45],"current_hp_per_floor":[80,60,59,48,48,38,38,26,26,26,37,52,52,49,49,17,85,85,85,85,85,85,72,70,70,70,55,55,70,56,71,71,26,85,85,85,85,43,58,58,63,63,63,54,69,69,69,63,63,13],"gold":382,"neow_bonus":"THREE_SMALL_POTIONS","is_prod":false,"is_daily":false,"chose_seed":false,"campfire_upgraded":8,"win_rate":0,"timestamp":1670872063,"path_taken":["M","?","M","?","$","E","R","E","T","?","M","$","R","M","R","BOSS","M","M","?","M","M","E","M","R","T","?","?","?","?","$","R","BOSS","M","?","M","?","$","R","M","R","T","M","$","?","M","M","R","BOSS"],"build_version":"2022-12-01","purchased_purges":2,"victory":true,"max_hp_per_floor":[80,80,80,80,80,80,80,80,80,80,85,85,85,85,85,85,85,85,85,85,85,85,85,85,85,85,85,85,85,85,85,85,85,85,85,85,85,85,85,85,85,85,85,85,85,85,85,85,85,85],"card_choices":[{"not_picked":["Body Slam","Wild Strike"],"picked":"Combust","floor":1.0},{"not_picked":["Blood for Blood","Heavy Blade"],"picked":"Shrug It Off","floor":3.0},{"not_picked":["Sword Boomerang","Headbutt"],"picked":"Flex","floor":6.0},{"not_picked":["Anger","Wild Strike"],"picked":"Pummel","floor":8.0},{"not_picked":["Shrug It Off","Warcry"],"picked":"Blood for Blood","floor":11.0},{"not_picked":["Sever Soul","Demon Form"],"picked":"Ghostly Armor","floor":14.0},{"not_picked":["Bludgeon","Double Tap"],"picked":"Immolate","floor":16.0},{"not_picked":[],"picked":"True Grit","floor":18.0},{"not_picked":["Shrug It Off"],"picked":"SKIP","floor":19.0},{"not_picked":["Anger"],"picked":"SKIP","floor":21.0},{"not_picked":["Sword Boomerang"],"picked":"SKIP","floor":22.0},{"not_picked":["Iron Wave"],"picked":"SKIP","floor":23.0},{"not_picked":[],"picked":"Disarm+1","floor":24},{"not_picked":["Sever Soul"],"picked":"SKIP","floor":27},{"not_picked":[],"picked":"Flame Barrier","floor":30},{"not_picked":["Anger"],"picked":"SKIP","floor":35},{"not_picked":["Sword Boomerang"],"picked":"SKIP","floor":37},{"not_picked":["Perfected Strike"],"picked":"SKIP","floor":38},{"not_picked":[],"picked":"Iron Wave+1","floor":41},{"not_picked":[],"picked":"Pommel Strike+1","floor":44},{"not_picked":["Combust+1"],"picked":"SKIP","floor":47},{"not_picked":["Burning Pact+1"],"picked":"SKIP","floor":48}],"player_experience":1339451,"relics_obtained":[{"floor":6.0,"key":"MealTicket"},{"floor":8.0,"key":"War Paint"},{"floor":9.0,"key":"Potion Belt"},{"floor":23.0,"key":"Blue Candle"},{"floor":26,"key":"Toy Ornithopter"},{"floor":43,"key":"Bronze Scales"}],"event_choices":[{"damage_healed":0.0,"max_hp_gain":0.0,"max_hp_loss":0.0,"gold_gain":0.0,"event_name":"Golden Idol","player_choice":"Take Damage","floor":2.0,"gold_loss":0.0,"damage_taken":20.0,"relics_obtained":["Golden Idol"]},{"damage_healed":0.0,"max_hp_gain":0.0,"max_hp_loss":0.0,"gold_gain":75.0,"event_name":"World of Goop","player_choice":"Gather Gold","floor":4.0,"gold_loss":0.0,"damage_taken":11.0},{"cards_removed":["Strike_R"],"damage_healed":0.0,"max_hp_gain":0.0,"max_hp_loss":0.0,"gold_gain":0.0,"event_name":"Living Wall","player_choice":"Forget","floor":10.0,"gold_loss":0.0,"damage_taken":0.0},{"cards_removed":["Shrug It Off"],"damage_healed":0.0,"max_hp_gain":0.0,"max_hp_loss":0.0,"gold_gain":0.0,"event_name":"betterNote:BetterNote","player_choice":"Take \u0026 Give","floor":20.0,"gold_loss":0.0,"damage_taken":0.0,"cards_obtained":["Limit Break"]},{"cards_removed":["Strike_R"],"damage_healed":0,"gold_gain":0,"player_choice":"Card Removal","damage_taken":0,"max_hp_gain":0,"max_hp_loss":0,"event_name":"Wheel of Change","floor":28,"gold_loss":0},{"damage_healed":0,"gold_gain":0,"player_choice":"2 cards matched","damage_taken":0,"max_hp_gain":0,"max_hp_loss":0,"event_name":"Match and Keep!","floor":36,"gold_loss":0,"cards_obtained":["Bash","Burning Pact"]},{"damage_healed":0,"gold_gain":333,"player_choice":"Gave Idol","damage_taken":0,"max_hp_gain":0,"max_hp_loss":0,"event_name":"The Moai Head","floor":46,"relics_lost":["Golden Idol"],"gold_loss":0}],"is_beta":false,"boss_relics":[{"not_picked":["Black Star","Snecko Eye"],"picked":"Busted Crown"},{"not_picked":["Pandora\u0027s Box","Fusion Hammer"],"picked":"Runic Cube"}],"items_purged_floors":[29,39],"is_endless":false,"potions_floor_spawned":[1,6,11,18,21,22,23,33,38,44,48],"ascension_level":0}