{"gold_per_floor":[112,112,123,123,133,133,151,168,168,195,195,209,28,43,43,143,143,154,154,177,193,210,68,68,68,68,99,99,99,99,124,124,220,220,231,231,281,16,30,30,47,57,57,57,57,57,57,82,82,82,82,82,36,68,68],"floor_reached":55,"playtime":2109,"items_purged":["Strike_R+1","Madness+1"],"score":738,"play_id":"9ef2aa15-b46a-4cf6-9103-4bd64602675b","local_time":"20221203143141","is_ascension_mode":false,"campfire_choices":[{"floor":6,"key":"RECALL"},{"data":"Anger","floor":11,"key":"SMITH"},{"data":"Clash","floor":15,"key":"SMITH"},{"data":"Immolate","floor":24,"key":"SMITH"},{"floor":29,"key":"REST"},{"data":"Bash","floor":32,"key":"SMITH"},{"data":"Dropkick","floor":40,"key":"SMITH"},{"floor":44,"key":"REST"},{"data":"Metallicize","floor":46,"key":"SMITH"},{"floor":49,"key":"REST"},{"data":"Anger","floor":52,"key":"SMITH"}],"neow_cost":"NONE","seed_source_timestamp":1543846748100000,"circlet_count":0,"master_deck":["Strike_R+1","Strike_R+1","Defend_R+1","Defend_R+1","Defend_R+1","Defend_R+1","Bash+1","Armaments+1","Reckless Charge","Thunderclap","Sword Boomerang","Anger+1","Offering+1","Armaments+1","Master of Strategy+1","Clash+1","Immolate+1","Battle Trance+1","Anger","Havoc+1","Shockwave+1","Anger+1","Dropkick+1","Madness+1","Perfected Strike+1","Metallicize+1","Good Instincts+1","Flex+1","Body Slam+1","Impervious+1","Body Slam"],"relics":["Burning Blood","CultistMask","Bottled Flame","Toxic Egg 2","Philosopher\u0027s Stone","Paper Frog","Regal Pillow","War Paint","Empty Cage","Calipers","Unceasing Top","Frozen Egg 2","Blood Vial"],"potions_floor_usage":[8,10,12,12,21,22,39,41,50,50],"damage_taken":[{"damage":8,"enemies":"2 Louse","floor":1,"turns":3},{"damage":8,"enemies":"Jaw Worm","floor":3,"turns":4},{"damage":1,"enemies":"Cultist","floor":5,"turns":3},{"damage":9,"enemies":"Blue Slaver","floor":7,"turns":3},{"damage":0,"enemies":"Exordium Wildlife","floor":8,"turns":2},{"damage":8,"enemies":"Gremlin Nob","floor":10,"turns":4},{"damage":24,"enemies":"Exordium Thugs","floor":12,"turns":4},{"damage":5,"enemies":"Looter","floor":14,"turns":2},{"damage":21,"enemies":"Slime Boss","floor":16,"turns":8},{"damage":7,"enemies":"Chosen","floor":18,"turns":3},{"damage":0,"enemies":"3 Byrds","floor":21,"turns":1},{"damage":6,"enemies":"Centurion and Healer","floor":22,"turns":2},{"damage":24,"enemies":"Gremlin Leader","floor":27,"turns":6},{"damage":81,"enemies":"Automaton","floor":33,"turns":9},{"damage":20,"enemies":"3 Darklings","floor":35,"turns":3},{"damage":10,"enemies":"Mind Bloom Boss Battle","floor":37,"turns":6},{"damage":0,"enemies":"Orb Walker","floor":39,"turns":2},{"damage":11,"enemies":"4 Shapes","floor":41,"turns":1},{"damage":9,"enemies":"Spire Growth","floor":42,"turns":3},{"damage":17,"enemies":"Giant Head","floor":48,"turns":3},{"damage":59,"enemies":"Awakened One","floor":50,"turns":9},{"damage":32,"enemies":"Shield and Spear","floor":54,"turns":4},{"damage":79,"enemies":"The Heart","floor":55,"turns":3}],"seed_played":"-7600211440800392015","potions_obtained":[{"floor":1,"key":"BloodPotion"},{"floor":5,"key":"EssenceOfSteel"},{"floor":7,"key":"AttackPotion"},{"floor":12,"key":"Fruit Juice"},{"floor":18,"key":"LiquidMemories"},{"floor":21,"key":"Strength Potion"},{"floor":37,"key":"DistilledChaos"},{"floor":39,"key":"AttackPotion"},{"floor":41,"key":"CultistPotion"},{"floor":48,"key":"HeartOfIron"}],"is_trial":false,"path_per_floor":["M","?","M","?","M","R","M","M","T","E","R","M","$","M","R","B",null,"M","?","T","M","M","$","R","?","T","E","?","R","$","T","R","B",null,"M","?","?","$","M","R","M","M","T","R","$","R","?","E","R","B",null,"R","$","E","B"],"character_chosen":"IRONCLAD","items_purchased":["Master of Strategy+1","Shockwave+1","Metallicize","Good Instincts+1","Body Slam"],"campfire_rested":3,"item_purchase_floors":[13,23,38,38,53],"current_hp_per_floor":[86,86,84,84,88,88,85,88,88,86,86,90,90,91,91,76,93,92,92,92,93,93,93,93,93,93,75,57,98,98,98,98,23,98,84,72,68,68,74,74,69,66,66,98,98,98,98,87,98,45,98,98,98,72,0],"gold":68,"neow_bonus":"TEN_PERCENT_HP_BONUS","is_prod":false,"is_daily":false,"chose_seed":false,"campfire_upgraded":7,"win_rate":0,"timestamp":1670095901,"path_taken":["M","?","M","?","?","R","M","M","T","E","R","M","$","M","R","BOSS","M","?","?","M","?","$","R","?","T","E","?","R","?","?","R","BOSS","M","?","?","$","?","R","M","M","T","R","?","R","?","E","R","BOSS","R","$","E","BOSS"],"build_version":"2022-12-01","purchased_purges":2,"victory":false,"max_hp_per_floor":[88,88,88,88,88,88,88,88,88,88,88,93,93,93,93,93,93,93,93,93,93,93,93,93,93,93,93,98,98,98,98,98,98,98,98,98,98,98,98,98,98,98,98,98,98,98,98,98,98,98,98,98,98,98,98],"card_choices":[{"not_picked":["Rupture","Shockwave"],"picked":"Armaments","floor":1},{"not_picked":["Warcry","Rupture"],"picked":"Reckless Charge","floor":3},{"not_picked":["Disarm","Twin Strike"],"picked":"Thunderclap","floor":5},{"not_picked":["Iron Wave","Body Slam"],"picked":"Sword Boomerang","floor":7},{"not_picked":["Flex","Perfected Strike"],"picked":"Anger","floor":8},{"not_picked":["Bloodletting+1","Thunderclap"],"picked":"Offering+1","floor":10},{"not_picked":["Dark Embrace","Seeing Red+1"],"picked":"Armaments+1","floor":12},{"not_picked":["Havoc+1","Twin Strike"],"picked":"Clash","floor":14},{"not_picked":["Limit Break+1","Double Tap+1"],"picked":"Immolate","floor":16},{"not_picked":["Armaments+1","Perfected Strike"],"picked":"Battle Trance+1","floor":18},{"not_picked":["Thunderclap","Body Slam"],"picked":"Anger","floor":21},{"not_picked":["Twin Strike+1","Clothesline"],"picked":"Havoc+1","floor":22},{"not_picked":["Intimidate+1","Entrench+1"],"picked":"Anger","floor":27},{"not_picked":["Ghostly Armor+1","Twin Strike+1"],"picked":"Dropkick","floor":35},{"not_picked":["Cleave","Hemokinesis+1"],"picked":"Perfected Strike+1","floor":37},{"not_picked":["Clothesline","Iron Wave"],"picked":"Flex+1","floor":39},{"not_picked":["Iron Wave+1","Clash+1","Thunderclap"],"picked":"SKIP","floor":41},{"not_picked":["Bloodletting+1","Heavy Blade"],"picked":"Body Slam+1","floor":42},{"not_picked":["Flex+1","Seeing Red+1"],"picked":"Impervious+1","floor":48},{"not_picked":["Armaments+1","Dark Embrace+1","Reckless Charge+1"],"picked":"SKIP","floor":54}],"player_experience":1239949,"relics_obtained":[{"floor":9,"key":"Bottled Flame"},{"floor":10,"key":"Toxic Egg 2"},{"floor":26,"key":"Paper Frog"},{"floor":27,"key":"Regal Pillow"},{"floor":31,"key":"War Paint"},{"floor":37,"key":"Calipers"},{"floor":43,"key":"Unceasing Top"},{"floor":48,"key":"Frozen Egg 2"},{"floor":54,"key":"Blood Vial"}],"event_choices":[{"damage_healed":0,"gold_gain":0,"player_choice":"Grow","damage_taken":0,"max_hp_gain":0,"max_hp_loss":0,"event_name":"Living Wall","floor":2,"gold_loss":0,"cards_upgraded":["Armaments"]},{"damage_healed":0,"gold_gain":0,"player_choice":"Trade","damage_taken":0,"relics_obtained":["CultistMask"],"max_hp_gain":0,"max_hp_loss":0,"event_name":"FaceTrader","floor":4,"gold_loss":0},{"damage_healed":0,"gold_gain":0,"player_choice":"Simplicity","damage_taken":0,"max_hp_gain":0,"max_hp_loss":0,"event_name":"Back to Basics","floor":19,"gold_loss":0,"cards_upgraded":["Strike_R","Strike_R","Strike_R","Strike_R","Strike_R","Defend_R","Defend_R","Defend_R","Defend_R"]},{"damage_healed":0,"gold_gain":0,"player_choice":"Ignored","damage_taken":0,"max_hp_gain":0,"max_hp_loss":0,"event_name":"Vampires","floor":25,"gold_loss":0},{"damage_healed":0,"gold_gain":0,"player_choice":"Shed Blood","damage_taken":23,"max_hp_gain":5,"max_hp_loss":0,"event_name":"Forgotten Altar","floor":28,"gold_loss":0},{"damage_healed":0,"gold_gain":0,"player_choice":"Embrace Madness","damage_taken":12,"max_hp_gain":0,"max_hp_loss":0,"event_name":"Winding Halls","floor":36,"gold_loss":0,"cards_obtained":["Madness","Madness"]},{"damage_healed":0,"gold_gain":0,"player_choice":"Fight","damage_taken":0,"max_hp_gain":0,"max_hp_loss":0,"event_name":"MindBloom","floor":37,"gold_loss":0},{"damage_healed":0,"gold_gain":0,"player_choice":"Ignored","damage_taken":0,"max_hp_gain":0,"max_hp_loss":0,"event_name":"Tomb of Lord Red Mask","floor":47,"gold_loss":0}],"is_beta":false,"boss_relics":[{"not_picked":["Runic Pyramid","Mark of Pain"],"picked":"Philosopher\u0027s Stone"},{"not_picked":["Runic Cube","Runic Dome"],"picked":"Empty Cage"}],"items_purged_floors":[23,38],"is_endless":false,"potions_floor_spawned":[1,5,7,12,18,21,37,39,41,48],"killed_by":"The Heart","ascension_level":0}