{"gold_per_floor":[112,112,112,132,142,154,154,229,229,264,264,276,289,188,188,188],"floor_reached":16,"playtime":321,"items_purged":["Strike_R"],"score":102,"play_id":"1011d0f2-f4ce-4f7e-8b45-1989cf4262ef","local_time":"20221207212506","is_ascension_mode":false,"campfire_choices":[{"data":"Bash","floor":7,"key":"SMITH"},{"floor":11,"key":"REST"},{"data":"Flex","floor":15,"key":"SMITH"}],"neow_cost":"TEN_PERCENT_HP_LOSS","seed_source_timestamp":101730728328900,"circlet_count":0,"master_deck":["Strike_R+1","Strike_R","Strike_R","Defend_R","Defend_R+1","Defend_R","Bash+1","Pummel","Spot Weakness","Sword Boomerang","Blood for Blood","Power Through","Metallicize","Rampage","Flex+1"],"relics":["Burning Blood","CaptainsWheel","Gremlin Horn","Mummified Hand"],"potions_floor_usage":[10,10,10,16,16],"damage_taken":[{"damage":11,"enemies":"2 Louse","floor":1,"turns":3},{"damage":0,"enemies":"Jaw Worm","floor":4,"turns":5},{"damage":0,"enemies":"Small Slimes","floor":5,"turns":2},{"damage":1,"enemies":"3 Louse","floor":6,"turns":4},{"damage":28,"enemies":"3 Sentries","floor":10,"turns":6},{"damage":7,"enemies":"Blue Slaver","floor":12,"turns":2},{"damage":11,"enemies":"Exordium Wildlife","floor":13,"turns":2},{"damage":44,"enemies":"Slime Boss","floor":16,"turns":10}],"seed_played":"5063123301893969888","potions_obtained":[{"floor":1,"key":"FearPotion"},{"floor":5,"key":"EntropicBrew"},{"floor":12,"key":"FearPotion"}],"is_trial":false,"path_per_floor":["M","?","?","M","M","M","R","?","T","E","R","M","M","$","R","B"],"character_chosen":"IRONCLAD","items_purchased":["Flex"],"campfire_rested":1,"item_purchase_floors":[14],"current_hp_per_floor":[67,53,35,41,47,52,52,41,41,28,49,48,43,43,43,0],"gold":188,"neow_bonus":"REMOVE_TWO","is_prod":false,"is_daily":false,"chose_seed":false,"campfire_upgraded":2,"win_rate":0,"timestamp":1670466306,"path_taken":["M","?","?","M","?","M","R","?","T","E","R","M","M","$","R","BOSS"],"build_version":"2022-12-01","purchased_purges":1,"victory":false,"max_hp_per_floor":[72,72,72,72,72,72,72,72,72,72,72,72,72,72,72,72],"card_choices":[{"not_picked":["Seeing Red","Entrench"],"picked":"Pummel","floor":1},{"not_picked":["Pommel Strike","Battle Trance"],"picked":"Spot Weakness","floor":4},{"not_picked":["Warcry","Clash"],"picked":"Sword Boomerang","floor":5},{"not_picked":["Battle Trance","Body Slam"],"picked":"Blood for Blood","floor":6},{"not_picked":["Havoc","Iron Wave"],"picked":"Power Through","floor":10},{"not_picked":["Pommel Strike","Headbutt"],"picked":"Metallicize","floor":12},{"not_picked":["Offering","Clothesline"],"picked":"Rampage","floor":13}],"player_experience":1263656,"relics_obtained":[{"floor":9,"key":"Gremlin Horn"},{"floor":10,"key":"Mummified Hand"}],"event_choices":[{"damage_healed":0,"gold_gain":0,"player_choice":"Entered Light","damage_taken":14,"max_hp_gain":0,"max_hp_loss":0,"event_name":"Shining Light","floor":2,"gold_loss":0,"cards_upgraded":["Strike_R","Defend_R"]},{"damage_healed":0,"gold_gain":0,"player_choice":"Success","damage_taken":18,"relics_obtained":["CaptainsWheel"],"max_hp_gain":0,"max_hp_loss":0,"event_name":"Scrap Ooze","floor":3,"gold_loss":0},{"damage_healed":0,"gold_gain":75,"player_choice":"Gather Gold","damage_taken":11,"max_hp_gain":0,"max_hp_loss":0,"event_name":"World of Goop","floor":8,"gold_loss":0}],"is_beta":false,"boss_relics":[],"items_purged_floors":[14],"is_endless":false,"potions_floor_spawned":[1,5,12],"killed_by":"Slime Boss","ascension_level":0}