{"gold_per_floor":[109,109,109,130,8,41,66,66,66,87,87,110,123,158,158,284,284,304,304,317,1,24,24,67,67,91,91,132,156,2,41,41,167,167,190,5,19,38,371,371,385,385,432,432,449,449,462,479,479,479],"floor_reached":50,"playtime":2321,"items_purged":["Writhe","Strike_R"],"score":539,"play_id":"17054256-f162-4444-96f8-61c95130ec56","local_time":"20221206235153","is_ascension_mode":false,"campfire_choices":[{"floor":8,"key":"REST"},{"data":"Defend_R","floor":15,"key":"PURGE"},{"data":"Defend_R","floor":23,"key":"PURGE"},{"floor":25,"key":"REST"},{"data":"Strike_R","floor":27,"key":"PURGE"},{"floor":32,"key":"REST"},{"floor":40,"key":"RECALL"},{"data":"Defend_R","floor":42,"key":"PURGE"},{"data":"Defend_R","floor":49,"key":"PURGE"}],"neow_cost":"CURSE","seed_source_timestamp":22128407146500,"circlet_count":0,"master_deck":["Strike_R","Bash","Apotheosis+1","Metallicize","Anger","Flex","Reaper","Flex","Thunderclap","Double Tap","Sword Boomerang","True Grit","Immolate","Havoc","Ghostly Armor","Body Slam+1","Ghostly Armor","Secret Weapon","Rage","Intimidate","Entrench+1","Seeing Red+1","Impervious+1","Rage+1","Good Instincts+1","Second Wind+1","Carnage"],"relics":["Burning Blood","Charon\u0027s Ashes","Peace Pipe","Tiny Chest","Philosopher\u0027s Stone","Regal Pillow","Art of War","Toxic Egg 2","Medical Kit","Oddly Smooth Stone","Fusion Hammer","Bottled Tornado"],"potions_floor_usage":[6,10,13,14,28,31,38,41,45,47,48,48],"damage_taken":[{"damage":5,"enemies":"2 Louse","floor":1,"turns":3},{"damage":0,"enemies":"Small Slimes","floor":4,"turns":3},{"damage":31,"enemies":"3 Sentries","floor":6,"turns":6},{"damage":8,"enemies":"Jaw Worm","floor":7,"turns":3},{"damage":0,"enemies":"Red Slaver","floor":10,"turns":4},{"damage":10,"enemies":"Looter","floor":12,"turns":3},{"damage":0,"enemies":"3 Louse","floor":13,"turns":2},{"damage":29,"enemies":"Gremlin Nob","floor":14,"turns":4},{"damage":31,"enemies":"Slime Boss","floor":16,"turns":8},{"damage":13,"enemies":"Shell Parasite","floor":18,"turns":4},{"damage":26,"enemies":"3 Byrds","floor":20,"turns":5},{"damage":10,"enemies":"3 Cultists","floor":22,"turns":4},{"damage":52,"enemies":"Book of Stabbing","floor":24,"turns":6},{"damage":6,"enemies":"Slavers","floor":28,"turns":4},{"damage":28,"enemies":"Chosen and Byrds","floor":29,"turns":6},{"damage":31,"enemies":"Gremlin Leader","floor":31,"turns":4},{"damage":131,"enemies":"Collector","floor":33,"turns":13},{"damage":4,"enemies":"3 Darklings","floor":35,"turns":4},{"damage":9,"enemies":"3 Shapes","floor":37,"turns":2},{"damage":22,"enemies":"Transient","floor":38,"turns":5},{"damage":15,"enemies":"Writhing Mass","floor":41,"turns":7},{"damage":18,"enemies":"4 Shapes","floor":45,"turns":1},{"damage":23,"enemies":"Spire Growth","floor":47,"turns":6},{"damage":0,"enemies":"Transient","floor":48,"turns":5},{"damage":96,"enemies":"Donu and Deca","floor":50,"turns":7}],"seed_played":"8119548966169650901","potions_obtained":[{"floor":1,"key":"AttackPotion"},{"floor":4,"key":"FairyPotion"},{"floor":6,"key":"Explosive Potion"},{"floor":7,"key":"DistilledChaos"},{"floor":14,"key":"Fruit Juice"},{"floor":24,"key":"Swift Potion"},{"floor":29,"key":"PowerPotion"},{"floor":33,"key":"LiquidBronze"},{"floor":37,"key":"PowerPotion"},{"floor":38,"key":"Energy Potion"},{"floor":41,"key":"PowerPotion"},{"floor":45,"key":"EssenceOfSteel"},{"floor":47,"key":"Weak Potion"}],"is_trial":false,"path_per_floor":["M","?","?","M","$","E","M","R","T","M","?","M","M","E","R","B",null,"M","?","M","$","M","R","E","R","T","R","E","M","$","E","R","B",null,"M","$","M","M","?","R","M","R","T","?","M","T","M","M","R","B"],"character_chosen":"IRONCLAD","items_purchased":["Flex","Ghostly Armor","Secret Weapon","Rage","Medical Kit","Good Instincts+1"],"campfire_rested":3,"item_purchase_floors":[5,21,21,21,30,36],"current_hp_per_floor":[80,80,60,66,66,41,48,72,72,80,73,69,75,57,57,47,85,78,78,60,60,68,68,31,71,71,71,71,55,55,43,83,7,85,85,85,85,70,70,70,68,68,68,68,84,84,67,85,85,0],"gold":479,"neow_bonus":"RANDOM_COLORLESS_2","is_prod":false,"is_daily":false,"chose_seed":false,"campfire_upgraded":0,"win_rate":0,"timestamp":1670388713,"path_taken":["M","?","?","M","$","E","M","R","T","M","?","M","?","E","R","BOSS","M","?","M","$","M","R","E","R","T","R","E","M","$","E","R","BOSS","M","$","M","M","?","R","M","R","T","?","M","?","M","M","R","BOSS"],"build_version":"2022-12-01","purchased_purges":2,"victory":false,"max_hp_per_floor":[80,80,80,80,80,80,80,80,80,80,80,80,80,85,85,85,85,85,85,85,85,85,85,85,85,85,85,85,85,85,85,85,85,85,85,85,85,85,85,85,85,85,85,85,85,85,85,85,85,85],"card_choices":[{"not_picked":["Transmutation","Magnetism"],"picked":"Apotheosis","floor":0},{"not_picked":["Havoc","Wild Strike"],"picked":"Metallicize","floor":1},{"not_picked":["Entrench","Sword Boomerang"],"picked":"Anger","floor":4},{"not_picked":["Sword Boomerang","Armaments"],"picked":"Reaper","floor":6},{"not_picked":["Sword Boomerang","Shrug It Off"],"picked":"Flex","floor":7},{"not_picked":["Armaments","Hemokinesis"],"picked":"Thunderclap","floor":10},{"not_picked":["Iron Wave","Pommel Strike"],"picked":"Double Tap","floor":12},{"not_picked":["Pommel Strike","Flame Barrier"],"picked":"Sword Boomerang","floor":13},{"not_picked":["Wild Strike","Twin Strike"],"picked":"True Grit","floor":14},{"not_picked":["Exhume","Barricade"],"picked":"Immolate","floor":16},{"not_picked":["Combust","Body Slam"],"picked":"Havoc","floor":18},{"not_picked":["True Grit","Thunderclap"],"picked":"Body Slam+1","floor":20},{"not_picked":["Thunderclap","Wild Strike","Heavy Blade+1"],"picked":"SKIP","floor":22},{"not_picked":["True Grit","Rupture"],"picked":"Intimidate","floor":24},{"not_picked":["Flex+1","Warcry+1"],"picked":"Entrench+1","floor":28},{"not_picked":["Rampage","Body Slam"],"picked":"Seeing Red+1","floor":29},{"not_picked":["Bludgeon","Headbutt","Sword Boomerang"],"picked":"SKIP","floor":31},{"not_picked":["Immolate","Feed"],"picked":"Impervious+1","floor":33},{"not_picked":["Seeing Red+1","Inflame+1"],"picked":"Rage+1","floor":35},{"not_picked":["Entrench+1","Headbutt+1"],"picked":"Second Wind+1","floor":37},{"not_picked":["Cleave+1","Sword Boomerang","True Grit+1"],"picked":"SKIP","floor":38},{"not_picked":["Dropkick","Rupture+1","Twin Strike+1"],"picked":"SKIP","floor":41},{"not_picked":["Flex+1","Thunderclap","Headbutt"],"picked":"SKIP","floor":45},{"not_picked":["Pummel","Iron Wave+1"],"picked":"Carnage","floor":47},{"not_picked":["Thunderclap","Pommel Strike","Shrug It Off+1"],"picked":"SKIP","floor":48}],"player_experience":1252273,"relics_obtained":[{"floor":6,"key":"Charon\u0027s Ashes"},{"floor":9,"key":"Peace Pipe"},{"floor":14,"key":"Tiny Chest"},{"floor":24,"key":"Regal Pillow"},{"floor":26,"key":"Art of War"},{"floor":28,"key":"Toxic Egg 2"},{"floor":31,"key":"Oddly Smooth Stone"},{"floor":46,"key":"Bottled Tornado"}],"event_choices":[{"damage_healed":0,"gold_gain":0,"player_choice":"Grow","damage_taken":0,"max_hp_gain":0,"max_hp_loss":0,"event_name":"Living Wall","floor":2,"gold_loss":0,"cards_upgraded":["Apotheosis"]},{"damage_healed":0,"gold_gain":0,"player_choice":"Take Damage","damage_taken":20,"relics_obtained":["Golden Idol"],"max_hp_gain":0,"max_hp_loss":0,"event_name":"Golden Idol","floor":3,"gold_loss":0},{"cards_removed":["Strike_R"],"damage_healed":0,"gold_gain":0,"player_choice":"Card Removal","damage_taken":7,"max_hp_gain":0,"max_hp_loss":0,"event_name":"Golden Wing","floor":11,"gold_loss":0},{"damage_healed":0,"gold_gain":0,"player_choice":"Read","damage_taken":0,"max_hp_gain":0,"max_hp_loss":0,"event_name":"The Library","floor":19,"gold_loss":0,"cards_obtained":["Ghostly Armor"]},{"damage_healed":0,"gold_gain":333,"player_choice":"Gave Idol","damage_taken":0,"max_hp_gain":0,"max_hp_loss":0,"event_name":"The Moai Head","floor":39,"relics_lost":["Golden Idol"],"gold_loss":0},{"cards_removed":["Strike_R"],"damage_healed":0,"gold_gain":0,"player_choice":"Purged","damage_taken":0,"max_hp_gain":0,"max_hp_loss":0,"event_name":"Purifier","floor":44,"gold_loss":0}],"is_beta":false,"boss_relics":[{"not_picked":["Empty Cage","Astrolabe"],"picked":"Philosopher\u0027s Stone"},{"not_picked":["Black Star","Runic Pyramid"],"picked":"Fusion Hammer"}],"items_purged_floors":[5,36],"is_endless":false,"potions_floor_spawned":[1,4,6,7,14,24,29,33,37,38,41,45,47],"killed_by":"Donu and Deca","ascension_level":0}