{"gold_per_floor":[113,113,113,113,126,126,155,7,32,64,64,90,125,157,157,255,255,271,117,136,136,96,96,122,148,219,219,247,282,316,344,356,469,481,507,8,8,21,34,66,66,392,392,420,453,479,510,525,525,525],"floor_reached":51,"playtime":2194,"items_purged":["Strike_R"],"score":1121,"play_id":"e8656080-af91-4c68-a838-0575a88b109d","local_time":"20221207225347","daily_mods":["Vintage","Flight","Elite Swarm"],"is_ascension_mode":false,"campfire_choices":[{"data":"DevaForm","floor":6,"key":"SMITH"},{"data":"Echo Form","floor":11,"key":"SMITH"},{"data":"Limit Break","floor":15,"key":"SMITH"},{"data":"Rampage","floor":23,"key":"SMITH"},{"data":"Reaper","floor":27,"key":"SMITH"},{"data":"Juggernaut","floor":32,"key":"SMITH"},{"floor":41,"key":"REST"},{"data":"1","floor":49,"key":"LIFT"}],"neow_cost":"","seed_source_timestamp":0,"circlet_count":0,"master_deck":["Demon Form+1","Wraith Form v2","Echo Form+1","DevaForm+1","Strike_R+1","Strike_R","Strike_R","Defend_R","Defend_R+1","Defend_R","Defend_R+1","Bash","Reaper","Bludgeon","Juggernaut","Limit Break+1","Reaper+1","Rampage+1","Bludgeon+1","Impervious","Impervious+1","Juggernaut+1","Limit Break","Corruption+1"],"relics":["Burning Blood","Centennial Puzzle","Mummified Hand","Boot","Happy Flower","ClockworkSouvenir","Bag of Marbles","Magic Flower","Red Skull","Bottled Flame","Shuriken","Black Star","Bronze Scales","PreservedInsect","Juzu Bracelet","Torii","Calipers","Dead Branch","Tiny Chest","InkBottle","Lizard Tail","Self Forming Clay","StoneCalendar","War Paint","Gambling Chip","StrikeDummy","MawBank","Unceasing Top","Sozu","Mango","Whetstone","Medical Kit","Pen Nib","Bag of Preparation","Peace Pipe","Girya","Orichalcum","Old Coin","Nunchaku","Eternal Feather","CaptainsWheel","Ornamental Fan","Charon\u0027s Ashes","The Courier","Akabeko","Frozen Egg 2","Blue Candle","Potion Belt","Bottled Lightning"],"potions_floor_usage":[5,14,14,18,25,30,31,38],"damage_taken":[{"damage":16,"enemies":"Jaw Worm","floor":1,"turns":4},{"damage":1,"enemies":"Small Slimes","floor":5,"turns":3},{"damage":23,"enemies":"3 Sentries","floor":7,"turns":6},{"damage":1,"enemies":"Lagavulin","floor":10,"turns":5},{"damage":6,"enemies":"3 Sentries","floor":12,"turns":5},{"damage":2,"enemies":"Lagavulin","floor":13,"turns":7},{"damage":5,"enemies":"3 Sentries","floor":14,"turns":7},{"damage":0,"enemies":"Slime Boss","floor":16,"turns":6},{"damage":0,"enemies":"Spheric Guardian","floor":18,"turns":1},{"damage":34,"enemies":"2 Thieves","floor":20,"turns":5},{"damage":18,"enemies":"Book of Stabbing","floor":24,"turns":4},{"damage":52,"enemies":"Slavers","floor":25,"turns":3},{"damage":1,"enemies":"Gremlin Leader","floor":28,"turns":5},{"damage":41,"enemies":"Slavers","floor":29,"turns":6},{"damage":41,"enemies":"Book of Stabbing","floor":30,"turns":4},{"damage":28,"enemies":"Gremlin Leader","floor":31,"turns":5},{"damage":1,"enemies":"Champ","floor":33,"turns":7},{"damage":3,"enemies":"3 Darklings","floor":35,"turns":4},{"damage":0,"enemies":"3 Shapes","floor":38,"turns":4},{"damage":1,"enemies":"Maw","floor":39,"turns":5},{"damage":78,"enemies":"Nemesis","floor":40,"turns":7},{"damage":10,"enemies":"Reptomancer","floor":42,"turns":2},{"damage":1,"enemies":"Giant Head","floor":44,"turns":4},{"damage":37,"enemies":"Reptomancer","floor":45,"turns":5},{"damage":10,"enemies":"Giant Head","floor":46,"turns":5},{"damage":1,"enemies":"Reptomancer","floor":47,"turns":4},{"damage":2,"enemies":"3 Darklings","floor":48,"turns":4},{"damage":84,"enemies":"Awakened One","floor":50,"turns":9}],"seed_played":"1744821491420204363","potions_obtained":[{"floor":1,"key":"DistilledChaos"},{"floor":7,"key":"Block Potion"},{"floor":12,"key":"EssenceOfSteel"},{"floor":13,"key":"FairyPotion"},{"floor":16,"key":"LiquidMemories"},{"floor":24,"key":"PowerPotion"},{"floor":29,"key":"Strength Potion"},{"floor":30,"key":"ColorlessPotion"},{"floor":31,"key":"Fire Potion"},{"floor":33,"key":"LiquidBronze"}],"is_trial":true,"path_per_floor":["M","?","?","T","M","R","E","$","T","E","R","E","E","E","R","B",null,"M","$","M","?","$","R","E","E","T","R","E","E","E","E","R","B",null,"M","$","?","M","M","E","R","E","T","E","E","E","E","M","R","B",null],"character_chosen":"IRONCLAD","items_purchased":["ClockworkSouvenir","PreservedInsect","Rampage","Whetstone","Medical Kit","Limit Break"],"campfire_rested":1,"item_purchase_floors":[8,19,22,36,36,36],"current_hp_per_floor":[70,54,47,47,52,52,35,35,35,40,40,80,80,80,80,80,80,80,80,80,80,80,80,79,78,78,78,80,75,69,61,61,80,80,94,94,94,94,94,45,73,72,72,94,94,94,94,94,94,35],"gold":525,"neow_bonus":"","is_prod":false,"is_daily":false,"chose_seed":false,"campfire_upgraded":6,"win_rate":0,"timestamp":1670471627,"path_taken":["M","?","?","?","?","R","E","$","T","E","R","E","E","E","R","BOSS","M","$","?","?","$","R","E","E","T","R","E","E","E","E","R","BOSS","M","$","?","M","M","E","R","E","T","E","E","E","E","M","R","BOSS"],"build_version":"2022-12-01","purchased_purges":1,"victory":true,"max_hp_per_floor":[80,80,80,80,80,80,80,80,80,80,80,80,80,80,80,80,80,80,80,80,80,80,80,80,80,80,80,80,80,80,80,80,80,80,94,94,94,94,94,94,94,94,94,94,94,94,94,94,94,94],"card_choices":[{"not_picked":["Barricade","Juggernaut"],"picked":"Reaper","floor":7},{"not_picked":["Reaper","Barricade"],"picked":"Bludgeon","floor":10},{"not_picked":["Corruption","Exhume","Immolate"],"picked":"SKIP","floor":12},{"not_picked":["Double Tap","Corruption"],"picked":"Juggernaut","floor":13},{"not_picked":["Offering","Berserk"],"picked":"Limit Break","floor":14},{"not_picked":["Exhume","Impervious"],"picked":"Reaper","floor":16},{"not_picked":["Limit Break","Immolate"],"picked":"Bludgeon","floor":24},{"not_picked":["Double Tap","Juggernaut"],"picked":"Impervious","floor":25},{"not_picked":["Immolate","Exhume"],"picked":"Impervious","floor":28},{"not_picked":["Demon Form","Offering","Barricade"],"picked":"SKIP","floor":29},{"not_picked":["Corruption","Demon Form","Double Tap"],"picked":"SKIP","floor":30},{"not_picked":["Feed","Corruption"],"picked":"Juggernaut","floor":31},{"not_picked":["Exhume","Brutality","Barricade"],"picked":"SKIP","floor":40},{"not_picked":["Limit Break","Berserk","Offering"],"picked":"SKIP","floor":42},{"not_picked":["Corruption","Fiend Fire","Impervious"],"picked":"SKIP","floor":44},{"not_picked":["Double Tap","Barricade","Limit Break"],"picked":"SKIP","floor":45},{"not_picked":["Feed","Reaper"],"picked":"Corruption+1","floor":46},{"not_picked":["Reaper","Limit Break","Feed"],"picked":"SKIP","floor":47}],"player_experience":1266836,"relics_obtained":[{"floor":1,"key":"Centennial Puzzle"},{"floor":4,"key":"Mummified Hand"},{"floor":5,"key":"Boot"},{"floor":7,"key":"Happy Flower"},{"floor":9,"key":"Bag of Marbles"},{"floor":10,"key":"Magic Flower"},{"floor":12,"key":"Red Skull"},{"floor":13,"key":"Bottled Flame"},{"floor":14,"key":"Shuriken"},{"floor":18,"key":"Bronze Scales"},{"floor":20,"key":"Juzu Bracelet"},{"floor":24,"key":"Torii"},{"floor":24,"key":"Calipers"},{"floor":25,"key":"Dead Branch"},{"floor":25,"key":"Tiny Chest"},{"floor":26,"key":"InkBottle"},{"floor":28,"key":"Lizard Tail"},{"floor":28,"key":"Self Forming Clay"},{"floor":29,"key":"StoneCalendar"},{"floor":29,"key":"War Paint"},{"floor":30,"key":"Gambling Chip"},{"floor":30,"key":"StrikeDummy"},{"floor":31,"key":"MawBank"},{"floor":31,"key":"Unceasing Top"},{"floor":35,"key":"Mango"},{"floor":37,"key":"Pen Nib"},{"floor":38,"key":"Bag of Preparation"},{"floor":39,"key":"Peace Pipe"},{"floor":40,"key":"Girya"},{"floor":40,"key":"Orichalcum"},{"floor":42,"key":"Old Coin"},{"floor":42,"key":"Nunchaku"},{"floor":43,"key":"Eternal Feather"},{"floor":44,"key":"CaptainsWheel"},{"floor":44,"key":"Ornamental Fan"},{"floor":45,"key":"Charon\u0027s Ashes"},{"floor":45,"key":"The Courier"},{"floor":46,"key":"Akabeko"},{"floor":46,"key":"Frozen Egg 2"},{"floor":47,"key":"Blue Candle"},{"floor":47,"key":"Potion Belt"},{"floor":48,"key":"Bottled Lightning"}],"event_choices":[{"damage_healed":0,"gold_gain":0,"player_choice":"Entered Light","damage_taken":16,"max_hp_gain":0,"max_hp_loss":0,"event_name":"Shining Light","floor":2,"gold_loss":0,"cards_upgraded":["Defend_R","Demon Form"]},{"cards_removed":["Strike_R"],"damage_healed":0,"gold_gain":0,"player_choice":"Card Removal","damage_taken":7,"max_hp_gain":0,"max_hp_loss":0,"event_name":"Golden Wing","floor":3,"gold_loss":0},{"cards_removed":["Limit Break"],"damage_healed":0,"gold_gain":0,"player_choice":"Give","damage_taken":0,"max_hp_gain":0,"max_hp_loss":0,"event_name":"betterNote:BetterNote","floor":21,"gold_loss":0,"cards_obtained":["Strike_R"]},{"damage_healed":0,"gold_gain":0,"player_choice":"Relic","damage_taken":0,"max_hp_gain":0,"max_hp_loss":0,"event_name":"Wheel of Change","floor":37,"gold_loss":0}],"is_beta":false,"boss_relics":[{"not_picked":["Fusion Hammer","Ectoplasm"],"picked":"Black Star"},{"not_picked":["Astrolabe","Pandora\u0027s Box"],"picked":"Sozu"}],"items_purged_floors":[36],"is_endless":false,"potions_floor_spawned":[1,7,12,13,16,24,29,30,31,33,38,39,44,46],"ascension_level":0}