{"gold_per_floor":[119,119,18,193,268,303,19,29,29,44,5,5,5,16,16,118,118,134,67,84,84,100,100,119,131,155,187,199,62,62,95,95,197,197,209,225,236,7,20,20,20,20,20,50,50,97,130,144,144,144],"floor_reached":50,"playtime":3212,"items_purged":["Defend_R"],"score":545,"play_id":"876679e2-754f-4353-9261-74aaf39c9d13","local_time":"20221204114034","is_ascension_mode":false,"campfire_choices":[{"data":"Feel No Pain","floor":15.0,"key":"SMITH"},{"floor":23.0,"key":"REST"},{"data":"Disarm","floor":28.0,"key":"SMITH"},{"data":"Uppercut","floor":30.0,"key":"SMITH"},{"floor":32.0,"key":"REST"},{"data":"Dual Wield","floor":40.0,"key":"SMITH"},{"data":"Juggernaut","floor":42.0,"key":"SMITH"},{"floor":49,"key":"REST"}],"neow_cost":"NONE","seed_source_timestamp":1581306189800000,"circlet_count":0,"master_deck":["Strike_R+1","Strike_R","Strike_R","Strike_R+1","Strike_R","Defend_R+1","Defend_R","Defend_R","Bash+1","Armaments+1","Feel No Pain+1","Cleave","Pummel","Thunderclap","Anger","Disarm+1","Evolve","Sever Soul","Reaper","Headbutt","Uppercut+1","Battle Trance+1","Wild Strike","Dropkick","Power Through+1","Juggernaut+1","Flex+1","Second Wind","Dual Wield+1","Writhe","True Grit","Fire Breathing+1","Burning Pact+1"],"special_seed":0,"relics":["Burning Blood","NeowsBlessing","Whetstone","Mummified Hand","Centennial Puzzle","Sozu","MawBank","ClockworkSouvenir","Red Skull","Cursed Key","Mercury Hourglass","TungstenRod","War Paint"],"potions_floor_usage":[],"damage_taken":[{"damage":0.0,"enemies":"Small Slimes","floor":1.0,"turns":1.0},{"damage":0.0,"enemies":"Lagavulin","floor":6.0,"turns":1.0},{"damage":0.0,"enemies":"2 Louse","floor":8.0,"turns":1.0},{"damage":8.0,"enemies":"Jaw Worm","floor":10.0,"turns":2.0},{"damage":18.0,"enemies":"Exordium Thugs","floor":14.0,"turns":5.0},{"damage":42.0,"enemies":"The Guardian","floor":16.0,"turns":15.0},{"damage":32.0,"enemies":"Spheric Guardian","floor":18.0,"turns":6.0},{"damage":8.0,"enemies":"Chosen","floor":20.0,"turns":4.0},{"damage":26.0,"enemies":"Shelled Parasite and Fungi","floor":22.0,"turns":6.0},{"damage":12.0,"enemies":"3 Cultists","floor":24.0,"turns":5.0},{"damage":21.0,"enemies":"Snake Plant","floor":25.0,"turns":4.0},{"damage":2.0,"enemies":"Cultist and Chosen","floor":27.0,"turns":6.0},{"damage":45.0,"enemies":"Slavers","floor":31.0,"turns":7.0},{"damage":51.0,"enemies":"Champ","floor":33.0,"turns":13.0},{"damage":41.0,"enemies":"3 Darklings","floor":35.0,"turns":5.0},{"damage":7.0,"enemies":"3 Shapes","floor":36.0,"turns":4.0},{"damage":18.0,"enemies":"Maw","floor":37.0,"turns":7.0},{"damage":6.0,"enemies":"Writhing Mass","floor":39.0,"turns":5.0},{"damage":36,"enemies":"Nemesis","floor":44,"turns":7},{"damage":29,"enemies":"2 Orb Walkers","floor":46,"turns":4},{"damage":38,"enemies":"Giant Head","floor":47,"turns":8},{"damage":17,"enemies":"Transient","floor":48,"turns":5},{"damage":64,"enemies":"Donu and Deca","floor":50,"turns":6}],"seed_played":"8207822916026576320","potions_obtained":[{"floor":6.0,"key":"Regen Potion"},{"floor":10.0,"key":"BlessingOfTheForge"},{"floor":16.0,"key":"DuplicationPotion"}],"is_trial":false,"path_per_floor":["M","?","$","?","?","E","$","M","T","M","$","?","$","M","R","B",null,"M","$","M","?","M","R","M","M","T","M","R","$","R","E","R","B",null,"M","M","M","$","M","R","?","R","T","E","?","?","E","M","R","B"],"character_chosen":"IRONCLAD","items_purchased":["Feel No Pain","Cleave","Mummified Hand","Thunderclap","Evolve","Uppercut","ClockworkSouvenir","Second Wind","Feel No Pain"],"campfire_rested":3,"item_purchase_floors":[3,3,7,7,11,19,29,38,38],"current_hp_per_floor":[80,64,64,64,53,59,59,65,65,63,63,63,63,63,63,27,80,54,54,58,58,38,62,66,58,58,68,68,68,68,41,65,26,80,53,68,62,62,66,66,66,66,66,42,62,39,21,10,34,0],"gold":144,"neow_bonus":"THREE_ENEMY_KILL","is_prod":false,"is_daily":false,"chose_seed":false,"campfire_upgraded":5,"win_rate":0,"timestamp":1670172034,"path_taken":["M","?","$","?","?","E","$","M","T","M","$","?","?","M","R","BOSS","M","$","M","?","M","R","M","M","T","M","R","?","R","E","R","BOSS","M","?","M","$","M","R","?","R","T","E","?","?","E","M","R","BOSS"],"build_version":"2022-12-01","purchased_purges":1,"victory":false,"max_hp_per_floor":[80,80,80,80,80,80,80,80,80,80,80,80,80,80,80,80,80,80,80,80,80,80,80,80,80,80,80,80,80,80,80,80,80,80,80,80,80,80,80,80,80,80,80,80,80,80,80,80,80,80],"card_choices":[{"not_picked":["Headbutt","Havoc"],"picked":"Armaments","floor":1.0},{"not_picked":["Twin Strike","Thunderclap"],"picked":"Pummel","floor":6.0},{"not_picked":["Armaments","Body Slam"],"picked":"Anger","floor":8.0},{"not_picked":["Wild Strike","Heavy Blade"],"picked":"Disarm","floor":10.0},{"not_picked":["Dropkick","Cleave"],"picked":"Sever Soul","floor":14.0},{"not_picked":["Berserk","Brutality"],"picked":"Reaper","floor":16.0},{"not_picked":["Heavy Blade","Twin Strike"],"picked":"Headbutt","floor":18.0},{"not_picked":["Heavy Blade","Rampage"],"picked":"Battle Trance","floor":20.0},{"not_picked":["Whirlwind","Uppercut"],"picked":"Dropkick","floor":22.0},{"not_picked":["Headbutt","Second Wind+1"],"picked":"Power Through+1","floor":24.0},{"not_picked":["Infernal Blade","Intimidate","Heavy Blade+1"],"picked":"SKIP","floor":25.0},{"not_picked":["Havoc","Cleave","Armaments"],"picked":"SKIP","floor":27.0},{"not_picked":["Heavy Blade","Thunderclap","Infernal Blade+1"],"picked":"SKIP","floor":31.0},{"not_picked":["Exhume","Impervious"],"picked":"Juggernaut","floor":33.0},{"not_picked":["Thunderclap+1","Armaments"],"picked":"Flex+1","floor":35.0},{"not_picked":["Hemokinesis","Rupture","Wild Strike"],"picked":"SKIP","floor":36.0},{"not_picked":["Thunderclap","Searing Blow","Armaments"],"picked":"SKIP","floor":37.0},{"not_picked":["Flame Barrier+1","Sword Boomerang"],"picked":"Dual Wield","floor":39.0},{"not_picked":["Sever Soul","Headbutt","Wild Strike"],"picked":"SKIP","floor":44},{"not_picked":["Twin Strike","Clash"],"picked":"True Grit","floor":46},{"not_picked":["Reckless Charge+1","Spot Weakness"],"picked":"Fire Breathing+1","floor":47},{"not_picked":["Offering","Anger+1"],"picked":"Burning Pact+1","floor":48}],"player_experience":1243642,"relics_obtained":[{"floor":6.0,"key":"Whetstone"},{"floor":9.0,"key":"Centennial Puzzle"},{"floor":26.0,"key":"MawBank"},{"floor":31.0,"key":"Red Skull"},{"floor":44,"key":"Mercury Hourglass"},{"floor":46,"key":"TungstenRod"},{"floor":47,"key":"War Paint"}],"event_choices":[{"damage_healed":0.0,"max_hp_gain":0.0,"max_hp_loss":0.0,"gold_gain":0.0,"event_name":"Shining Light","player_choice":"Entered Light","floor":2.0,"gold_loss":0.0,"damage_taken":16.0,"cards_upgraded":["Armaments","Strike_R"]},{"damage_healed":0.0,"max_hp_gain":0.0,"max_hp_loss":0.0,"gold_gain":175.0,"event_name":"Liars Game","player_choice":"AGREE","floor":4.0,"gold_loss":0.0,"damage_taken":0.0,"cards_obtained":["Doubt"]},{"damage_healed":0.0,"max_hp_gain":0.0,"max_hp_loss":0.0,"gold_gain":75.0,"event_name":"World of Goop","player_choice":"Gather Gold","floor":5.0,"gold_loss":0.0,"damage_taken":11.0},{"cards_removed":["Doubt"],"damage_healed":0.0,"max_hp_gain":0.0,"max_hp_loss":0.0,"gold_gain":0.0,"event_name":"Living Wall","player_choice":"Forget","floor":12.0,"gold_loss":0.0,"damage_taken":0.0},{"damage_healed":0.0,"max_hp_gain":0.0,"max_hp_loss":0.0,"gold_gain":0.0,"event_name":"Match and Keep!","player_choice":"1 cards matched","floor":21.0,"gold_loss":0.0,"damage_taken":0.0,"cards_obtained":["Wild Strike"]},{"cards_removed":["Feel No Pain"],"damage_healed":0.0,"max_hp_gain":0.0,"max_hp_loss":0.0,"gold_gain":0.0,"event_name":"Falling","player_choice":"Removed Power","floor":41.0,"gold_loss":0.0,"damage_taken":0.0},{"damage_healed":20,"gold_gain":0,"player_choice":"Writhe","damage_taken":0,"max_hp_gain":0,"max_hp_loss":0,"event_name":"Winding Halls","floor":45,"gold_loss":0,"cards_obtained":["Writhe"]},{"damage_healed":0,"gold_gain":0,"player_choice":"Fight","damage_taken":0,"max_hp_gain":0,"max_hp_loss":0,"event_name":"Mysterious Sphere","floor":46,"gold_loss":0}],"is_beta":false,"boss_relics":[{"not_picked":["Runic Pyramid","Mark of Pain"],"picked":"Sozu"},{"not_picked":["Pandora\u0027s Box","Astrolabe"],"picked":"Cursed Key"}],"items_purged_floors":[38],"is_endless":false,"potions_floor_spawned":[6,10,16,20,24,27,31,44,46,47],"killed_by":"Donu and Deca","ascension_level":0}