{"gold_per_floor":[114,114,137,102,127,127,127,127,204,204,224,257,257,275,275,275],"floor_reached":16,"playtime":364,"items_purged":[],"score":200,"play_id":"44250b26-abaa-42b0-91df-62befe4ba7a5","local_time":"20221210114945","is_ascension_mode":true,"campfire_choices":[{"data":"Strike_R","floor":6,"key":"SMITH"},{"data":"Strike_R","floor":8,"key":"SMITH"},{"data":"Strike_R","floor":15,"key":"SMITH"}],"neow_cost":"NONE","seed_source_timestamp":326365660645300,"circlet_count":0,"master_deck":["AscendersBane","Strike_R","Strike_R+1","Strike_R+1","Strike_R+1","Strike_R+1","Defend_R+1","Defend_R","Defend_R","Defend_R","Bash"],"relics":["Burning Blood","NeowsBlessing","Golden Idol","StrikeDummy","HornCleat","CaptainsWheel","Mummified Hand"],"potions_floor_usage":[12,12],"damage_taken":[{"damage":0,"enemies":"Cultist","floor":1,"turns":1},{"damage":0,"enemies":"Jaw Worm","floor":3,"turns":1},{"damage":0,"enemies":"Small Slimes","floor":5,"turns":1},{"damage":5,"enemies":"Gremlin Gang","floor":11,"turns":3},{"damage":23,"enemies":"3 Sentries","floor":12,"turns":12},{"damage":0,"enemies":"Large Slime","floor":14,"turns":4},{"damage":46,"enemies":"Hexaghost","floor":16,"turns":9}],"seed_played":"1274261704796728566","potions_obtained":[{"floor":1,"key":"Dexterity Potion"},{"floor":11,"key":"EssenceOfSteel"}],"is_trial":false,"path_per_floor":["M","?","M","?","M","R","T","R","T","?","M","E","T","M","R","B"],"character_chosen":"IRONCLAD","items_purchased":[],"campfire_rested":0,"item_purchase_floors":[],"current_hp_per_floor":[74,48,54,72,75,75,75,75,75,52,53,36,36,42,42,0],"gold":275,"neow_bonus":"THREE_ENEMY_KILL","is_prod":false,"is_daily":false,"chose_seed":false,"campfire_upgraded":3,"win_rate":0,"timestamp":1670690985,"path_taken":["M","?","M","?","M","R","?","R","T","?","M","E","?","?","R","BOSS"],"build_version":"2022-12-01","purchased_purges":0,"victory":false,"max_hp_per_floor":[75,75,75,75,75,75,75,75,75,75,75,75,75,75,75,75],"card_choices":[{"not_picked":["Dark Embrace","Cleave","Headbutt"],"picked":"SKIP","floor":1},{"not_picked":["Carnage","Heavy Blade","Warcry"],"picked":"SKIP","floor":3},{"not_picked":["Twin Strike","Clothesline","Heavy Blade"],"picked":"SKIP","floor":5},{"not_picked":["Inflame","Clothesline","Rupture"],"picked":"SKIP","floor":11},{"not_picked":["Sever Soul","Dark Embrace","Shockwave"],"picked":"SKIP","floor":12},{"not_picked":["Shrug It Off","Armaments","Sword Boomerang"],"picked":"SKIP","floor":14}],"player_experience":1293003,"relics_obtained":[{"floor":7,"key":"StrikeDummy"},{"floor":9,"key":"HornCleat"},{"floor":12,"key":"CaptainsWheel"},{"floor":13,"key":"Mummified Hand"}],"event_choices":[{"damage_healed":0,"gold_gain":0,"player_choice":"Take Damage","damage_taken":26,"relics_obtained":["Golden Idol"],"max_hp_gain":0,"max_hp_loss":0,"event_name":"Golden Idol","floor":2,"gold_loss":0},{"damage_healed":18,"gold_gain":0,"player_choice":"Healed","damage_taken":0,"max_hp_gain":0,"max_hp_loss":0,"event_name":"The Cleric","floor":4,"gold_loss":35},{"damage_healed":0,"gold_gain":0,"player_choice":"Entered Light","damage_taken":23,"max_hp_gain":0,"max_hp_loss":0,"event_name":"Shining Light","floor":10,"gold_loss":0,"cards_upgraded":["Defend_R","Strike_R"]}],"is_beta":false,"boss_relics":[],"items_purged_floors":[],"is_endless":false,"potions_floor_spawned":[1,11],"killed_by":"Hexaghost","ascension_level":20}