{"gold_per_floor":[116,164,164,164,174,174,19,50,50,65,65,84,84,117,117,213,213,229,144,69,81,81,81,116,130,130,130,161,161,177,192,192,297,297,316,316,26,26,76,76],"floor_reached":40,"playtime":1462,"items_purged":["Defend_R"],"score":480,"play_id":"d384388f-6283-4971-9b25-d2ccc0516be7","local_time":"20221206175457","is_ascension_mode":false,"campfire_choices":[{"data":"Perfected Strike","floor":6,"key":"SMITH"},{"data":"Iron Wave","floor":11,"key":"SMITH"},{"data":"Panacea","floor":13,"key":"SMITH"},{"data":"Sever Soul","floor":15,"key":"SMITH"},{"data":"Carnage","floor":27,"key":"SMITH"},{"data":"Perfected Strike","floor":29,"key":"SMITH"},{"data":"Impervious","floor":32,"key":"SMITH"}],"neow_cost":"NONE","seed_source_timestamp":1572653294500,"circlet_count":0,"master_deck":["Strike_R","Strike_R","Strike_R","Strike_R","Strike_R","Defend_R","Defend_R","Defend_R","Bash","Perfected Strike+1","Cleave","Panacea+1","Burning Pact","Offering","Iron Wave+1","Power Through","Sever Soul+1","Impervious+1","Carnage+1","Perfected Strike+1","Headbutt","Feed","Immolate","CurseOfTheBell","Fire Breathing+1","Dark Shackles","Madness","Madness","Rupture"],"special_seed":0,"relics":["Burning Blood","NeowsBlessing","Pen Nib","StoneCalendar","HornCleat","Potion Belt","FossilizedHelix","Pear","Mark of Pain","Blue Candle","Self Forming Clay","Thread and Needle","Question Card","Happy Flower","Calling Bell","Blood Vial","Singing Bowl","Champion Belt","Turnip","Torii"],"potions_floor_usage":[14,14,24,30,30,31,33,35],"damage_taken":[{"damage":0,"enemies":"Cultist","floor":1,"turns":1},{"damage":0,"enemies":"Small Slimes","floor":5,"turns":1},{"damage":0,"enemies":"Lagavulin","floor":8,"turns":1},{"damage":0,"enemies":"Jaw Worm","floor":10,"turns":2},{"damage":0,"enemies":"Exordium Wildlife","floor":12,"turns":4},{"damage":4,"enemies":"3 Sentries","floor":14,"turns":6},{"damage":50,"enemies":"Hexaghost","floor":16,"turns":9},{"damage":6,"enemies":"Chosen","floor":18,"turns":3},{"damage":6,"enemies":"Shell Parasite","floor":21,"turns":5},{"damage":2,"enemies":"Slavers","floor":24,"turns":5},{"damage":0,"enemies":"Sentry and Sphere","floor":25,"turns":4},{"damage":0,"enemies":"Gremlin Leader","floor":28,"turns":8},{"damage":0,"enemies":"Snake Plant","floor":30,"turns":2},{"damage":0,"enemies":"3 Cultists","floor":31,"turns":4},{"damage":52,"enemies":"Champ","floor":33,"turns":12},{"damage":6,"enemies":"Orb Walker","floor":35,"turns":2},{"damage":0,"enemies":"Mind Bloom Boss Battle","floor":39,"turns":4},{"damage":97,"enemies":"Giant Head","floor":40,"turns":7}],"seed_played":"2438922688105597272","potions_obtained":[{"floor":1,"key":"GamblersBrew"},{"floor":8,"key":"GamblersBrew"},{"floor":16,"key":"Explosive Potion"},{"floor":24,"key":"ElixirPotion"},{"floor":28,"key":"LiquidMemories"},{"floor":30,"key":"AttackPotion"},{"floor":31,"key":"LiquidBronze"},{"floor":33,"key":"LiquidMemories"},{"floor":39,"key":"BlessingOfTheForge"}],"is_trial":false,"path_per_floor":["M","T","?","T","M","R","$","E","T","M","R","M","R","E","R","B",null,"M","?","$","M","T","$","E","M","T","R","E","R","M","M","R","B",null,"M","?","$","?","?","E"],"character_chosen":"IRONCLAD","items_purchased":["Panacea","Burning Pact","Turnip"],"campfire_rested":0,"item_purchase_floors":[7,7,37],"current_hp_per_floor":[80,80,68,68,74,74,74,80,80,80,80,80,80,90,90,46,90,90,90,90,90,90,90,90,90,90,90,90,90,90,90,90,44,90,90,90,90,79,87,0],"gold":76,"neow_bonus":"THREE_ENEMY_KILL","is_prod":false,"is_daily":false,"chose_seed":false,"campfire_upgraded":7,"win_rate":0,"timestamp":1670367297,"path_taken":["M","?","?","?","M","R","$","E","T","?","R","?","R","E","R","BOSS","M","?","$","M","?","?","E","M","T","R","E","R","M","M","R","BOSS","M","?","$","?","?","E"],"build_version":"2022-12-01","purchased_purges":1,"victory":false,"max_hp_per_floor":[80,80,80,80,80,80,80,80,80,80,80,80,80,90,90,90,90,90,90,90,90,90,90,90,90,90,90,90,90,90,90,90,90,90,90,90,90,90,90,90],"card_choices":[{"not_picked":["Dark Embrace","Whirlwind"],"picked":"Perfected Strike","floor":1},{"not_picked":["Bloodletting","Heavy Blade"],"picked":"Cleave","floor":5},{"not_picked":["Fire Breathing","Flex"],"picked":"Offering","floor":8},{"not_picked":["Dual Wield","Warcry"],"picked":"Iron Wave","floor":10},{"not_picked":["Shrug It Off","Flex"],"picked":"Power Through","floor":12},{"not_picked":["Warcry","Battle Trance"],"picked":"Sever Soul","floor":14},{"not_picked":["Limit Break","Immolate"],"picked":"Impervious","floor":16},{"not_picked":["Bloodletting+1","Shrug It Off","Seeing Red+1"],"picked":"SKIP","floor":18},{"not_picked":["Heavy Blade","Thunderclap+1"],"picked":"Carnage","floor":21},{"not_picked":["Havoc","Flex","Uppercut"],"picked":"SKIP","floor":24},{"not_picked":["True Grit","Clothesline","Bloodletting"],"picked":"SKIP","floor":25},{"not_picked":["Clash+1","Havoc+1","Inflame"],"picked":"Perfected Strike","floor":28},{"not_picked":["Sword Boomerang","Warcry","Wild Strike+1"],"picked":"Headbutt","floor":30},{"not_picked":["Entrench","Shrug It Off","Whirlwind"],"picked":"Feed","floor":31},{"not_picked":["Barricade","Berserk","Feed"],"picked":"Immolate","floor":33},{"not_picked":["Armaments+1","True Grit+1","Dual Wield+1"],"picked":"Fire Breathing+1","floor":35},{"not_picked":["Trip","Dramatic Entrance","Impatience"],"picked":"Dark Shackles","floor":36},{"not_picked":["Twin Strike+1","Headbutt+1","Intimidate"],"picked":"Rupture","floor":39}],"player_experience":1249487,"relics_obtained":[{"floor":2,"key":"Pen Nib"},{"floor":4,"key":"HornCleat"},{"floor":8,"key":"Potion Belt"},{"floor":9,"key":"FossilizedHelix"},{"floor":14,"key":"Pear"},{"floor":22,"key":"Self Forming Clay"},{"floor":24,"key":"Thread and Needle"},{"floor":26,"key":"Question Card"},{"floor":28,"key":"Happy Flower"},{"floor":34,"key":"Blood Vial"},{"floor":34,"key":"Singing Bowl"},{"floor":34,"key":"Champion Belt"},{"floor":39,"key":"Torii"}],"event_choices":[{"damage_healed":0,"gold_gain":0,"player_choice":"Success","damage_taken":12,"relics_obtained":["StoneCalendar"],"max_hp_gain":0,"max_hp_loss":0,"event_name":"Scrap Ooze","floor":3,"gold_loss":0},{"damage_healed":0,"gold_gain":0,"player_choice":"Obtained Relic","damage_taken":0,"relics_obtained":["Blue Candle"],"max_hp_gain":0,"max_hp_loss":0,"event_name":"Addict","floor":19,"gold_loss":85},{"damage_healed":0,"gold_gain":0,"player_choice":"Memory 1","damage_taken":0,"max_hp_gain":0,"max_hp_loss":0,"event_name":"SensoryStone","floor":36,"gold_loss":0},{"damage_healed":0,"gold_gain":0,"player_choice":"Embrace Madness","damage_taken":11,"max_hp_gain":0,"max_hp_loss":0,"event_name":"Winding Halls","floor":38,"gold_loss":0,"cards_obtained":["Madness","Madness"]},{"damage_healed":0,"gold_gain":0,"player_choice":"Fight","damage_taken":0,"max_hp_gain":0,"max_hp_loss":0,"event_name":"MindBloom","floor":39,"gold_loss":0}],"is_beta":false,"boss_relics":[{"not_picked":["Astrolabe","Runic Pyramid"],"picked":"Mark of Pain"},{"not_picked":["Tiny House","Coffee Dripper"],"picked":"Calling Bell"}],"items_purged_floors":[20],"is_endless":false,"potions_floor_spawned":[1,8,16,24,28,30,31,33,39],"killed_by":"Giant Head","ascension_level":0}