{"gold_per_floor":[114,114,134,38,38,38,63,75,98,49,62,62,93,112,112,212,212,232,244,257,257,172,204,204,204,204,221,221,9,9,9,9,9],"floor_reached":33,"playtime":646,"items_purged":[],"score":275,"play_id":"85239463-787f-4d40-84df-d66f7c895b73","local_time":"20221207211935","is_ascension_mode":false,"campfire_choices":[{"data":"Searing Blow","floor":6.0,"key":"SMITH"},{"data":"Searing Blow+1","floor":12.0,"key":"SMITH"},{"data":"Searing Blow+2","floor":15.0,"key":"SMITH"},{"floor":24.0,"key":"REST"},{"data":"Searing Blow+3","floor":32,"key":"SMITH"}],"neow_cost":"NONE","seed_source_timestamp":101059653297000,"circlet_count":0,"master_deck":["Strike_R","Strike_R","Strike_R","Strike_R","Defend_R","Defend_R","Defend_R","Defend_R","Bash+1","Pummel","Spot Weakness","Flex","Searing Blow+4","Heavy Blade","Disarm","Rage","Perfected Strike","Barricade","Carnage","Shrug It Off","Sentinel","Juggernaut","Headbutt","Entrench","Ghostly Armor","Inflame","Necronomicurse"],"special_seed":0,"relics":["Burning Blood","Dream Catcher","Bronze Scales","Lantern","Runic Dome","Matryoshka","Akabeko","Regal Pillow","Eternal Feather","Membership Card","Necronomicon"],"potions_floor_usage":[33],"damage_taken":[{"damage":1.0,"enemies":"2 Louse","floor":1.0,"turns":2.0},{"damage":1.0,"enemies":"Jaw Worm","floor":3.0,"turns":3.0},{"damage":14.0,"enemies":"Gremlin Nob","floor":7.0,"turns":4.0},{"damage":0.0,"enemies":"Cultist","floor":8.0,"turns":4.0},{"damage":5.0,"enemies":"Looter","floor":11.0,"turns":2.0},{"damage":46.0,"enemies":"3 Sentries","floor":13.0,"turns":8.0},{"damage":0.0,"enemies":"2 Fungi Beasts","floor":14.0,"turns":2.0},{"damage":10.0,"enemies":"The Guardian","floor":16.0,"turns":9.0},{"damage":5.0,"enemies":"Spheric Guardian","floor":18.0,"turns":3.0},{"damage":28.0,"enemies":"2 Thieves","floor":19.0,"turns":3.0},{"damage":14.0,"enemies":"Shelled Parasite and Fungi","floor":20.0,"turns":5.0},{"damage":36.0,"enemies":"Book of Stabbing","floor":23.0,"turns":5.0},{"damage":22.0,"enemies":"Cultist and Chosen","floor":27.0,"turns":6.0},{"damage":0.0,"enemies":"Sentry and Sphere","floor":28.0,"turns":1.0},{"damage":59,"enemies":"Automaton","floor":33,"turns":6}],"seed_played":"-3687736369556452110","potions_obtained":[{"floor":1.0,"key":"BloodPotion"},{"floor":5.0,"key":"EntropicBrew"},{"floor":5.0,"key":"SkillPotion"},{"floor":8.0,"key":"EssenceOfSteel"}],"is_trial":false,"path_per_floor":["M","?","M","$","?","R","E","M","T","$","M","R","E","M","R","B",null,"M","M","M","?","?","E","R","?","T","M","M","$","?","?","R","B"],"character_chosen":"IRONCLAD","items_purchased":["Searing Blow","True Grit","Clash","Membership Card","Ghostly Armor","Inflame"],"campfire_rested":1,"item_purchase_floors":[4,4,10,29,29,29],"current_hp_per_floor":[80,80,80,80,80,80,80,80,80,80,80,80,40,46,46,42,80,80,58,50,50,50,20,44,44,44,28,34,34,60,44,59,0],"gold":9,"neow_bonus":"UPGRADE_CARD","is_prod":false,"is_daily":false,"chose_seed":false,"campfire_upgraded":4,"win_rate":0,"timestamp":1670465975,"path_taken":["M","?","M","$","?","R","E","M","T","$","M","R","E","M","R","BOSS","M","?","M","?","?","E","R","?","T","?","M","$","?","?","R","BOSS"],"build_version":"2022-12-01","purchased_purges":0,"victory":false,"max_hp_per_floor":[80,80,80,80,80,80,80,80,80,80,80,80,80,80,80,80,80,80,80,80,80,80,80,80,80,80,80,80,80,80,80,80,80],"card_choices":[{"not_picked":["Heavy Blade","Rupture"],"picked":"Pummel","floor":1.0},{"not_picked":["Iron Wave","Seeing Red"],"picked":"Flex","floor":3.0},{"not_picked":["Burning Pact","Rupture","Headbutt"],"picked":"SKIP","floor":7.0},{"not_picked":["Burning Pact","Iron Wave"],"picked":"Heavy Blade","floor":8.0},{"not_picked":["Battle Trance","Sword Boomerang"],"picked":"Disarm","floor":11.0},{"not_picked":["Dropkick","Anger"],"picked":"Rage","floor":13.0},{"not_picked":["Armaments","Whirlwind"],"picked":"Perfected Strike","floor":14.0},{"not_picked":["Limit Break","Double Tap"],"picked":"Barricade","floor":16.0},{"not_picked":["Warcry","Clash"],"picked":"Carnage","floor":18.0},{"not_picked":["Clash+1","Wild Strike"],"picked":"Shrug It Off","floor":19.0},{"not_picked":["Battle Trance","Warcry","True Grit"],"picked":"SKIP","floor":20.0},{"not_picked":["Dropkick","Hemokinesis"],"picked":"Headbutt","floor":23.0},{"not_picked":["Flex","Carnage"],"picked":"Entrench","floor":24.0},{"not_picked":["Anger","Sword Boomerang","Disarm"],"picked":"SKIP","floor":27.0}],"player_experience":1263010,"relics_obtained":[{"floor":7.0,"key":"Dream Catcher"},{"floor":9.0,"key":"Bronze Scales"},{"floor":13.0,"key":"Lantern"},{"floor":23.0,"key":"Akabeko"},{"floor":26.0,"key":"Regal Pillow"},{"floor":26.0,"key":"Eternal Feather"},{"floor":31,"key":"Necronomicon"}],"event_choices":[{"damage_healed":0.0,"max_hp_gain":0.0,"max_hp_loss":0.0,"gold_gain":0.0,"cards_transformed":["Strike_R"],"event_name":"Living Wall","player_choice":"Change","floor":2.0,"gold_loss":0.0,"damage_taken":0.0,"cards_obtained":["Spot Weakness"]},{"damage_healed":0.0,"max_hp_gain":0.0,"max_hp_loss":0.0,"gold_gain":0.0,"event_name":"Lab","player_choice":"Got Potions","floor":5.0,"gold_loss":0.0,"damage_taken":0.0},{"damage_healed":0.0,"max_hp_gain":0.0,"max_hp_loss":0.0,"gold_gain":0.0,"cards_transformed":["Clash","True Grit"],"event_name":"Drug Dealer","player_choice":"Became Test Subject","floor":21.0,"gold_loss":0.0,"damage_taken":0.0,"cards_obtained":["Sentinel","Juggernaut"]},{"damage_healed":0.0,"max_hp_gain":0.0,"max_hp_loss":0.0,"gold_gain":0.0,"event_name":"Addict","player_choice":"Obtained Relic","floor":22.0,"gold_loss":85.0,"damage_taken":0.0,"relics_obtained":["Matryoshka"]},{"damage_healed":0.0,"max_hp_gain":0.0,"max_hp_loss":0.0,"gold_gain":0.0,"event_name":"NoteForYourself","player_choice":"Ignored","floor":25.0,"gold_loss":0.0,"damage_taken":0.0},{"damage_healed":26.0,"max_hp_gain":0.0,"max_hp_loss":0.0,"gold_gain":0.0,"event_name":"The Library","player_choice":"Heal","floor":30.0,"gold_loss":0.0,"damage_taken":0.0},{"damage_healed":0,"gold_gain":0,"player_choice":"Obtained Book","damage_taken":16,"max_hp_gain":0,"max_hp_loss":0,"event_name":"Cursed Tome","floor":31,"gold_loss":0}],"is_beta":false,"boss_relics":[{"not_picked":["Snecko Eye","Calling Bell"],"picked":"Runic Dome"}],"items_purged_floors":[],"is_endless":false,"potions_floor_spawned":[1,8,13,19,23,27],"killed_by":"Automaton","ascension_level":0}