{"gold_per_floor":[118,118,135,85,102,102,129,146,228,228,245,256,256,58,58,155,155,165,165,179,22,22,22,22,56,82,32,47,67,67],"floor_reached":30,"playtime":1324,"items_purged":["Strike_R"],"score":300,"play_id":"3367854b-a8e9-466d-8561-c8d1285e6874","local_time":"20221206173030","is_ascension_mode":false,"campfire_choices":[{"data":"Armaments","floor":6.0,"key":"SMITH"},{"data":"Dual Wield","floor":10.0,"key":"SMITH"},{"data":"Limit Break","floor":13.0,"key":"SMITH"},{"data":"Metallicize","floor":15.0,"key":"SMITH"},{"data":"Panacea","floor":23,"key":"SMITH"}],"neow_cost":"NONE","seed_source_timestamp":212900570900,"circlet_count":0,"master_deck":["Strike_R","Strike_R","Strike_R","Strike_R","Defend_R","Defend_R","Defend_R","Bash","Metallicize+1","Blood for Blood","Armaments+1","Rupture","Dual Wield+1","Limit Break+1","Metallicize+1","Flex","Offering","Cleave","Panacea+1","Inflame+1","Power Through","Anger","Metallicize+1","Shrug It Off"],"special_seed":0,"relics":["Burning Blood","Unceasing Top","Frozen Egg 2","Mark of Pain","Red Skull","Tiny Chest"],"potions_floor_usage":[19,27,30],"damage_taken":[{"damage":2.0,"enemies":"Small Slimes","floor":1.0,"turns":2.0},{"damage":3.0,"enemies":"Cultist","floor":3.0,"turns":3.0},{"damage":0.0,"enemies":"2 Louse","floor":5.0,"turns":2.0},{"damage":19.0,"enemies":"Gremlin Nob","floor":7.0,"turns":4.0},{"damage":16.0,"enemies":"Blue Slaver","floor":8.0,"turns":3.0},{"damage":15.0,"enemies":"2 Fungi Beasts","floor":11.0,"turns":4.0},{"damage":0.0,"enemies":"Large Slime","floor":12.0,"turns":8.0},{"damage":0.0,"enemies":"Slime Boss","floor":16.0,"turns":13.0},{"damage":9.0,"enemies":"Chosen","floor":18.0,"turns":7.0},{"damage":0,"enemies":"Masked Bandits","floor":19,"turns":1},{"damage":29,"enemies":"3 Byrds","floor":20,"turns":9},{"damage":47,"enemies":"Slavers","floor":25,"turns":5},{"damage":13,"enemies":"3 Cultists","floor":28,"turns":4},{"damage":10,"enemies":"Snake Plant","floor":29,"turns":4},{"damage":23,"enemies":"Chosen and Byrds","floor":30,"turns":8}],"seed_played":"445739731183957050","potions_obtained":[{"floor":0.0,"key":"SmokeBomb"},{"floor":0.0,"key":"Fire Potion"},{"floor":0.0,"key":"Fire Potion"},{"floor":2.0,"key":"SkillPotion"},{"floor":7.0,"key":"ColorlessPotion"},{"floor":11.0,"key":"Energy Potion"},{"floor":12.0,"key":"Ancient Potion"},{"floor":25,"key":"BloodPotion"},{"floor":29,"key":"Explosive Potion"}],"is_trial":false,"path_per_floor":["M","?","M","?","M","R","E","M","T","R","M","M","R","$","R","B",null,"M","?","M","$","?","R","$","E","T","$","M","M","M"],"character_chosen":"IRONCLAD","items_purchased":["Metallicize+1","Flex","Panacea","Inflame+1","Anger"],"campfire_rested":0,"item_purchase_floors":[14,14,21,21,27],"current_hp_per_floor":[80,80,80,80,80,80,67,57,57,57,48,54,54,54,54,60,80,77,80,57,57,57,57,57,16,16,32,25,21,0],"gold":67,"neow_bonus":"THREE_SMALL_POTIONS","is_prod":false,"is_daily":false,"chose_seed":false,"campfire_upgraded":5,"win_rate":0,"timestamp":1670365830,"path_taken":["M","?","?","?","M","R","E","M","T","R","M","M","R","$","R","BOSS","M","?","M","$","?","R","$","E","T","$","M","M","M"],"build_version":"2022-12-01","purchased_purges":1,"victory":false,"max_hp_per_floor":[80,80,80,80,80,80,80,80,80,80,80,80,80,80,80,80,80,80,80,80,80,80,80,80,80,80,80,80,80,80],"card_choices":[{"not_picked":["Searing Blow","Rage"],"picked":"Metallicize","floor":1.0},{"not_picked":["Clash","Cleave"],"picked":"Blood for Blood","floor":3.0},{"not_picked":["Clothesline","Iron Wave"],"picked":"Armaments","floor":5.0},{"not_picked":["Cleave","Flex"],"picked":"Rupture","floor":7.0},{"not_picked":["Clash","Intimidate"],"picked":"Dual Wield","floor":8.0},{"not_picked":["Twin Strike","Sentinel","Havoc"],"picked":"SKIP","floor":11.0},{"not_picked":["Shrug It Off","Perfected Strike"],"picked":"Limit Break","floor":12.0},{"not_picked":["Reaper","Feed"],"picked":"Offering","floor":16.0},{"not_picked":["Thunderclap+1","Power Through","Havoc"],"picked":"SKIP","floor":18.0},{"not_picked":["Blood for Blood","Perfected Strike"],"picked":"Cleave","floor":20},{"not_picked":["Feel No Pain+1","Spot Weakness"],"picked":"Power Through","floor":25},{"not_picked":["Clash","Thunderclap"],"picked":"Metallicize+1","floor":28},{"not_picked":["Sentinel+1","Inflame+1"],"picked":"Shrug It Off","floor":29}],"player_experience":1249487,"relics_obtained":[{"floor":7.0,"key":"Unceasing Top"},{"floor":9.0,"key":"Frozen Egg 2"},{"floor":25,"key":"Red Skull"},{"floor":26,"key":"Tiny Chest"}],"event_choices":[{"damage_healed":0.0,"max_hp_gain":0.0,"max_hp_loss":0.0,"gold_gain":0.0,"event_name":"Lab","player_choice":"Got Potions","floor":2.0,"gold_loss":0.0,"damage_taken":0.0},{"cards_removed":["Defend_R"],"damage_healed":0.0,"max_hp_gain":0.0,"max_hp_loss":0.0,"gold_gain":0.0,"event_name":"The Cleric","player_choice":"Card Removal","floor":4.0,"gold_loss":50.0,"damage_taken":0.0},{"damage_healed":0,"gold_gain":0,"player_choice":"Fought Bandits","damage_taken":0,"max_hp_gain":0,"max_hp_loss":0,"event_name":"Masked Bandits","floor":19,"gold_loss":0},{"damage_healed":0,"gold_gain":0,"player_choice":"Ignored","damage_taken":0,"max_hp_gain":0,"max_hp_loss":0,"event_name":"Ghosts","floor":22,"gold_loss":0}],"is_beta":false,"boss_relics":[{"not_picked":["Calling Bell","Runic Dome"],"picked":"Mark of Pain"}],"items_purged_floors":[14],"is_endless":false,"potions_floor_spawned":[7,11,12,19,25,29],"killed_by":"Chosen and Byrds","ascension_level":0}