{"gold_per_floor":[119,119,26,26,40,40,73,73,99,114,99,124,199,214,214,318,318,328,253,253,87,98,98,132,132,183,196,4,4,4,4,4,4],"floor_reached":33,"playtime":1087,"items_purged":["Strike_R"],"score":271,"play_id":"bf02cfff-31d3-4972-a4c9-769585f15076","local_time":"20221207001004","is_ascension_mode":false,"campfire_choices":[{"data":"Demon Form","floor":6,"key":"SMITH"},{"data":"Rampage","floor":8,"key":"SMITH"},{"floor":15,"key":"REST"},{"data":"Metallicize","floor":23,"key":"SMITH"},{"floor":25,"key":"REST"},{"floor":32,"key":"REST"}],"neow_cost":"NONE","seed_source_timestamp":24456232673800,"circlet_count":0,"master_deck":["Strike_R","Strike_R","Defend_R","Defend_R","Defend_R","Defend_R","Bash","Ghostly Armor","Dark Shackles","Demon Form+1","Power Through","Rampage+1","Metallicize+1","Iron Wave+1","Carnage+1","Exhume","Headbutt+1","Anger+1","Iron Wave+1","Iron Wave+1","Impervious","Flame Barrier"],"relics":["Burning Blood","Pen Nib","Red Skull","Molten Egg 2","Philosopher\u0027s Stone","Potion Belt","Bronze Scales","Frozen Egg 2"],"potions_floor_usage":[7,12,14,18,24,33],"damage_taken":[{"damage":9,"enemies":"Small Slimes","floor":1,"turns":3},{"damage":4,"enemies":"Cultist","floor":5,"turns":4},{"damage":31,"enemies":"3 Sentries","floor":7,"turns":8},{"damage":0,"enemies":"2 Louse","floor":10,"turns":4},{"damage":22,"enemies":"Exordium Thugs","floor":11,"turns":4},{"damage":22,"enemies":"Gremlin Nob","floor":12,"turns":5},{"damage":0,"enemies":"Large Slime","floor":14,"turns":3},{"damage":16,"enemies":"Slime Boss","floor":16,"turns":8},{"damage":8,"enemies":"Shell Parasite","floor":18,"turns":4},{"damage":19,"enemies":"Spheric Guardian","floor":22,"turns":4},{"damage":88,"enemies":"Slavers","floor":24,"turns":7},{"damage":7,"enemies":"Snecko","floor":27,"turns":6},{"damage":84,"enemies":"Collector","floor":33,"turns":7}],"seed_played":"-822530757527544525","potions_obtained":[{"floor":0,"key":"LiquidBronze"},{"floor":0,"key":"Dexterity Potion"},{"floor":0,"key":"FairyPotion"},{"floor":1,"key":"Strength Potion"},{"floor":7,"key":"Ancient Potion"},{"floor":16,"key":"Weak Potion"},{"floor":22,"key":"SneckoOil"},{"floor":27,"key":"AttackPotion"}],"is_trial":false,"path_per_floor":["M","?","$","?","M","R","E","R","T","M","M","E","?","M","R","B",null,"M","?","?","$","M","R","E","R","T","M","$","?","$","T","R","B"],"character_chosen":"IRONCLAD","items_purchased":["Dark Shackles","Anger+1","Iron Wave+1","Impervious","Flame Barrier"],"campfire_rested":3,"item_purchase_floors":[3,21,21,28,28],"current_hp_per_floor":[77,82,82,82,84,84,59,59,59,65,49,33,22,28,53,43,85,83,83,83,83,70,70,24,49,49,48,48,32,32,32,59,0],"gold":4,"neow_bonus":"THREE_SMALL_POTIONS","is_prod":false,"is_daily":false,"chose_seed":false,"campfire_upgraded":3,"win_rate":0,"timestamp":1670389804,"path_taken":["M","?","$","?","M","R","E","R","T","?","M","E","?","M","R","BOSS","M","?","?","$","M","R","E","R","T","M","?","?","?","?","R","BOSS"],"build_version":"2022-12-01","purchased_purges":1,"victory":false,"max_hp_per_floor":[80,85,85,85,85,85,85,85,85,85,85,85,85,85,85,85,85,85,85,85,85,85,85,85,85,85,85,85,90,90,90,90,90],"card_choices":[{"not_picked":["Wild Strike","Thunderclap"],"picked":"Ghostly Armor","floor":1},{"not_picked":["Cleave","Pommel Strike"],"picked":"Power Through","floor":5},{"not_picked":["Burning Pact","Ghostly Armor"],"picked":"Rampage","floor":7},{"not_picked":["Warcry","Inflame"],"picked":"Metallicize","floor":10},{"not_picked":["Iron Wave","Ghostly Armor","Havoc"],"picked":"SKIP","floor":11},{"not_picked":["Dual Wield","Thunderclap+1"],"picked":"Iron Wave+1","floor":12},{"not_picked":["True Grit","Corruption"],"picked":"Carnage+1","floor":14},{"not_picked":["Feed+1","Brutality"],"picked":"Exhume","floor":16},{"not_picked":["Perfected Strike+1","Shockwave"],"picked":"Headbutt+1","floor":18},{"not_picked":["Anger+1","Armaments"],"picked":"Iron Wave+1","floor":22},{"not_picked":["Reckless Charge+1","Clash+1","Carnage+1"],"picked":"SKIP","floor":24},{"not_picked":["Headbutt+1","Body Slam+1","Clothesline+1"],"picked":"SKIP","floor":27}],"player_experience":1252273,"relics_obtained":[{"floor":7,"key":"Pen Nib"},{"floor":9,"key":"Red Skull"},{"floor":12,"key":"Molten Egg 2"},{"floor":24,"key":"Potion Belt"},{"floor":26,"key":"Bronze Scales"},{"floor":31,"key":"Frozen Egg 2"}],"event_choices":[{"damage_healed":0,"gold_gain":0,"player_choice":"Donut","damage_taken":0,"max_hp_gain":5,"max_hp_loss":0,"event_name":"Big Fish","floor":2,"gold_loss":0},{"damage_healed":0,"gold_gain":0,"cards_transformed":["Strike_R"],"player_choice":"Transformed","damage_taken":0,"max_hp_gain":0,"max_hp_loss":0,"event_name":"Transmorgrifier","floor":4,"gold_loss":0,"cards_obtained":["Demon Form"]},{"damage_healed":0,"gold_gain":75,"player_choice":"Gather Gold","damage_taken":11,"max_hp_gain":0,"max_hp_loss":0,"event_name":"World of Goop","floor":13,"gold_loss":0},{"cards_removed":["Strike_R"],"damage_healed":0,"gold_gain":0,"player_choice":"Gave Gold","damage_taken":0,"max_hp_gain":0,"max_hp_loss":0,"event_name":"Beggar","floor":19,"gold_loss":75},{"damage_healed":0,"gold_gain":0,"player_choice":"Ignored","damage_taken":0,"max_hp_gain":0,"max_hp_loss":0,"event_name":"Ghosts","floor":20,"gold_loss":0},{"damage_healed":0,"gold_gain":0,"player_choice":"Shed Blood","damage_taken":21,"max_hp_gain":5,"max_hp_loss":0,"event_name":"Forgotten Altar","floor":29,"gold_loss":0}],"is_beta":false,"boss_relics":[{"not_picked":["Snecko Eye","Calling Bell"],"picked":"Philosopher\u0027s Stone"}],"items_purged_floors":[21],"is_endless":false,"potions_floor_spawned":[1,7,16,22,27],"killed_by":"Collector","ascension_level":0}