{"gold_per_floor":[110,110,120,34,34,50,63,63,90,90,131,131,146,24,24,155,155,176,38,53,53,67,67,67,67,67,101,101,101,101,16,16,117,117,135,148,198,60,73,73,73,73,73,108,120,120,50,15,15,15],"floor_reached":50,"playtime":1870,"items_purged":["Strike_R"],"score":534,"play_id":"50f0d325-c3e6-4447-b863-c22f85500714","local_time":"20221207215738","is_ascension_mode":false,"campfire_choices":[{"data":"Clothesline","floor":8,"key":"SMITH"},{"data":"Iron Wave","floor":10,"key":"SMITH"},{"data":"Warcry","floor":12,"key":"SMITH"},{"data":"Flex","floor":15,"key":"SMITH"},{"data":"Dramatic Entrance","floor":23,"key":"SMITH"},{"data":"Inflame","floor":25,"key":"SMITH"},{"floor":32,"key":"REST"},{"data":"Juggernaut","floor":40,"key":"SMITH"},{"data":"Madness","floor":42,"key":"SMITH"},{"floor":49,"key":"RECALL"}],"neow_cost":"NONE","seed_source_timestamp":102131601023100,"circlet_count":0,"master_deck":["Strike_R+1","Strike_R+1","Strike_R+1","Defend_R+1","Defend_R+1","Defend_R+1","Bash","Iron Wave+1","Pummel","Evolve","Shrug It Off","Clothesline+1","Warcry+1","Shockwave","Flex+1","Impervious","Pommel Strike+1","Dramatic Entrance+1","Inflame+1","Headbutt+1","Burning Pact","Feed+1","Juggernaut+1","Sever Soul+1","Rampage+1","Feed+1","Madness","Madness+1","Rage","Flame Barrier","Inflame"],"relics":["Burning Blood","Bloody Idol","Anchor","Orichalcum","Busted Crown","Molten Egg 2","TungstenRod","Ginger","Mark of Pain","WingedGreaves","HornCleat","Oddly Smooth Stone"],"potions_floor_usage":[1,6,7,11,11,11,16,29,35,37,39],"damage_taken":[{"damage":4,"enemies":"Small Slimes","floor":1,"turns":3},{"damage":1,"enemies":"Cultist","floor":3,"turns":3},{"damage":8,"enemies":"Jaw Worm","floor":6,"turns":4},{"damage":14,"enemies":"Blue Slaver","floor":7,"turns":3},{"damage":0,"enemies":"Lagavulin","floor":11,"turns":11},{"damage":2,"enemies":"Large Slime","floor":13,"turns":6},{"damage":55,"enemies":"The Guardian","floor":16,"turns":17},{"damage":3,"enemies":"3 Byrds","floor":18,"turns":7},{"damage":22,"enemies":"2 Thieves","floor":20,"turns":4},{"damage":0,"enemies":"Cultist and Chosen","floor":22,"turns":5},{"damage":67,"enemies":"Gremlin Leader","floor":27,"turns":12},{"damage":0,"enemies":"Colosseum Slavers","floor":29,"turns":2},{"damage":28,"enemies":"Champ","floor":33,"turns":9},{"damage":0,"enemies":"3 Darklings","floor":35,"turns":2},{"damage":0,"enemies":"3 Shapes","floor":36,"turns":4},{"damage":25,"enemies":"Mind Bloom Boss Battle","floor":37,"turns":5},{"damage":0,"enemies":"Jaw Worm Horde","floor":39,"turns":3},{"damage":15,"enemies":"Giant Head","floor":44,"turns":7},{"damage":15,"enemies":"Sphere and 2 Shapes","floor":45,"turns":5},{"damage":90,"enemies":"Awakened One","floor":50,"turns":11}],"seed_played":"4040778272992060039","potions_obtained":[{"floor":0,"key":"EssenceOfSteel"},{"floor":0,"key":"BloodPotion"},{"floor":0,"key":"PowerPotion"},{"floor":1,"key":"PowerPotion"},{"floor":6,"key":"SkillPotion"},{"floor":7,"key":"SpeedPotion"},{"floor":11,"key":"SkillPotion"},{"floor":27,"key":"AttackPotion"},{"floor":33,"key":"SkillPotion"},{"floor":36,"key":"FearPotion"},{"floor":37,"key":"Explosive Potion"}],"is_trial":false,"path_per_floor":["M","?","M","$","?","M","M","R","T","R","E","R","M","$","R","B",null,"M","$","M","?","M","R","$","R","T","E","?","?","?","?","R","B",null,"M","M","?","$","M","R","?","R","T","E","M","T","$","$","R","B"],"character_chosen":"IRONCLAD","items_purchased":["Evolve","Shrug It Off","Flex","Dramatic Entrance","Inflame","Feed+1","Flame Barrier","Inflame"],"campfire_rested":1,"item_purchase_floors":[4,4,14,19,19,38,47,48],"current_hp_per_floor":[80,80,80,80,60,74,66,66,66,66,72,72,76,76,76,27,80,80,80,64,64,70,70,70,70,70,9,9,19,19,19,44,27,84,84,88,74,74,89,89,78,78,78,74,74,74,74,74,74,0],"gold":15,"neow_bonus":"THREE_SMALL_POTIONS","is_prod":false,"is_daily":false,"chose_seed":false,"campfire_upgraded":8,"win_rate":0,"timestamp":1670468258,"path_taken":["M","?","M","?","?","M","M","R","T","R","E","R","M","?","R","BOSS","M","$","M","?","M","R","$","R","T","E","?","?","?","?","R","BOSS","M","M","?","$","M","R","?","R","T","E","M","?","$","$","R","BOSS"],"build_version":"2022-12-01","purchased_purges":1,"victory":false,"max_hp_per_floor":[80,80,80,80,80,80,80,80,80,80,80,80,80,80,80,80,80,80,80,80,80,80,80,80,80,80,80,80,84,84,84,84,84,84,84,88,88,88,92,92,92,92,92,92,96,96,96,96,96,100],"card_choices":[{"not_picked":["Warcry","True Grit"],"picked":"Iron Wave","floor":1},{"not_picked":["True Grit","Clash"],"picked":"Pummel","floor":3},{"not_picked":["Heavy Blade","Iron Wave","Dropkick"],"picked":"SKIP","floor":6},{"not_picked":["Armaments","Blood for Blood"],"picked":"Clothesline","floor":7},{"not_picked":["Clash","Fire Breathing"],"picked":"Warcry","floor":11},{"not_picked":["Berserk","Thunderclap"],"picked":"Shockwave","floor":13},{"not_picked":["Double Tap","Corruption"],"picked":"Impervious","floor":16},{"not_picked":[],"picked":"Pommel Strike+1","floor":18},{"not_picked":["Headbutt"],"picked":"SKIP","floor":20},{"not_picked":["Heavy Blade+1"],"picked":"SKIP","floor":22},{"not_picked":[],"picked":"Headbutt+1","floor":27},{"not_picked":[],"picked":"Juggernaut","floor":33},{"not_picked":["Clothesline+1"],"picked":"SKIP","floor":35},{"not_picked":[],"picked":"Sever Soul+1","floor":36},{"not_picked":[],"picked":"Rampage+1","floor":37},{"not_picked":["Headbutt+1"],"picked":"SKIP","floor":39},{"not_picked":["Clash+1"],"picked":"SKIP","floor":44},{"not_picked":[],"picked":"Rage","floor":45}],"player_experience":1263977,"relics_obtained":[{"floor":9,"key":"Anchor"},{"floor":11,"key":"Orichalcum"},{"floor":26,"key":"Molten Egg 2"},{"floor":27,"key":"TungstenRod"},{"floor":37,"key":"WingedGreaves"},{"floor":44,"key":"HornCleat"},{"floor":46,"key":"Oddly Smooth Stone"}],"event_choices":[{"damage_healed":0,"gold_gain":0,"player_choice":"Got Potions","damage_taken":0,"max_hp_gain":0,"max_hp_loss":0,"event_name":"Lab","floor":2,"gold_loss":0},{"damage_healed":0,"gold_gain":0,"player_choice":"Take Damage","damage_taken":20,"relics_obtained":["Golden Idol"],"max_hp_gain":0,"max_hp_loss":0,"event_name":"Golden Idol","floor":5,"gold_loss":0},{"damage_healed":0,"gold_gain":0,"player_choice":"Simplicity","damage_taken":0,"max_hp_gain":0,"max_hp_loss":0,"event_name":"Back to Basics","floor":21,"gold_loss":0,"cards_upgraded":["Strike_R","Strike_R","Strike_R","Strike_R","Defend_R","Defend_R","Defend_R","Defend_R"]},{"damage_healed":0,"gold_gain":0,"cards_transformed":["Defend_R","Strike_R"],"player_choice":"Became Test Subject","damage_taken":0,"max_hp_gain":0,"max_hp_loss":0,"event_name":"Drug Dealer","floor":28,"gold_loss":0,"cards_obtained":["Burning Pact","Feed"]},{"damage_healed":0,"gold_gain":0,"player_choice":"Fight","damage_taken":0,"max_hp_gain":0,"max_hp_loss":0,"event_name":"Colosseum","floor":29,"gold_loss":0},{"damage_healed":0,"gold_gain":0,"player_choice":"Fled From Nobs","damage_taken":0,"max_hp_gain":0,"max_hp_loss":0,"event_name":"Colosseum","floor":29,"gold_loss":0},{"damage_healed":0,"gold_gain":0,"player_choice":"Gave Idol","damage_taken":0,"relics_obtained":["Bloody Idol"],"max_hp_gain":0,"max_hp_loss":0,"event_name":"Forgotten Altar","floor":30,"relics_lost":["Golden Idol"],"gold_loss":0},{"damage_healed":0,"gold_gain":0,"player_choice":"Obtained Relic","damage_taken":0,"relics_obtained":["Ginger"],"max_hp_gain":0,"max_hp_loss":0,"event_name":"Addict","floor":31,"gold_loss":85},{"damage_healed":0,"gold_gain":0,"player_choice":"Fight","damage_taken":0,"max_hp_gain":0,"max_hp_loss":0,"event_name":"MindBloom","floor":37,"gold_loss":0},{"damage_healed":0,"gold_gain":0,"player_choice":"Embrace Madness","damage_taken":12,"max_hp_gain":0,"max_hp_loss":0,"event_name":"Winding Halls","floor":41,"gold_loss":0,"cards_obtained":["Madness","Madness"]}],"is_beta":false,"boss_relics":[{"not_picked":["Runic Dome","Ectoplasm"],"picked":"Busted Crown"},{"not_picked":["SlaversCollar","Snecko Eye"],"picked":"Mark of Pain"}],"items_purged_floors":[14],"is_endless":false,"potions_floor_spawned":[1,6,7,11,27,33,36,37],"killed_by":"Awakened One","ascension_level":0}