{"gold_per_floor":[115,80,80,98,98,128,128,147,171,171,92,92,17,42,42,140,140,156,66,15,15,15,26,26,53,80,90,90,90,90],"floor_reached":30,"playtime":706,"items_purged":["Defend_R"],"score":378,"play_id":"16a53ded-6335-4b79-9f4d-c040fac83c4e","local_time":"20221221164122","is_ascension_mode":true,"campfire_choices":[{"data":"The Bomb","floor":7,"key":"SMITH"},{"data":"Infernal Blade","floor":10,"key":"SMITH"},{"data":"Sever Soul","floor":15,"key":"SMITH"},{"data":"Flame Barrier","floor":24,"key":"SMITH"},{"floor":28,"key":"REST"}],"neow_cost":"PERCENT_DAMAGE","seed_source_timestamp":447543381297300,"circlet_count":0,"master_deck":["AscendersBane","Strike_R+1","Strike_R","Strike_R","Defend_R+1","Defend_R+1","Defend_R","Bash+1","The Bomb+1","Rampage+1","Shockwave","Infernal Blade+1","Clash","Uppercut+1","Sever Soul+1","Headbutt","Fiend Fire","Shrug It Off","Flame Barrier+1","Burning Pact+1","Dark Embrace+1"],"special_seed":0,"relics":["Burning Blood","Bag of Marbles","Potion Belt","Whetstone","Black Star","Paper Frog","White Beast Statue","Smiling Mask"],"potions_floor_usage":[14,14,16,18,25,30],"damage_taken":[{"damage":13,"enemies":"Jaw Worm","floor":1,"turns":4},{"damage":7,"enemies":"Small Slimes","floor":4,"turns":4},{"damage":7,"enemies":"Lagavulin","floor":6,"turns":5},{"damage":8,"enemies":"2 Louse","floor":8,"turns":4},{"damage":10,"enemies":"Gremlin Nob","floor":14,"turns":3},{"damage":54,"enemies":"The Guardian","floor":16,"turns":9},{"damage":22,"enemies":"3 Byrds","floor":18,"turns":3},{"damage":1,"enemies":"Chosen","floor":23,"turns":4},{"damage":48,"enemies":"Slavers","floor":25,"turns":4},{"damage":0,"enemies":"Snake Plant","floor":27,"turns":2},{"damage":46,"enemies":"Book of Stabbing","floor":30,"turns":7}],"seed_played":"-3678524978787959663","potions_obtained":[{"floor":4,"key":"Swift Potion"},{"floor":6,"key":"FearPotion"},{"floor":14,"key":"Strength Potion"},{"floor":16,"key":"Swift Potion"},{"floor":18,"key":"AttackPotion"},{"floor":27,"key":"SteroidPotion"},{"floor":29,"key":"SkillPotion"},{"floor":29,"key":"Strength Potion"},{"floor":29,"key":"CultistPotion"}],"is_trial":false,"path_per_floor":["M","?","?","M","?","E","R","M","T","R","$","?","$","E","R","B",null,"M","?","$","$","?","M","R","E","T","M","R","?","E"],"character_chosen":"IRONCLAD","items_purchased":["Sever Soul","Shrug It Off"],"campfire_rested":1,"item_purchase_floors":[11,20],"current_hp_per_floor":[44,64,48,47,47,46,46,44,44,44,44,70,70,66,66,18,65,49,49,49,49,49,54,54,12,12,18,42,42,0],"gold":90,"neow_bonus":"RANDOM_COLORLESS_2","is_prod":false,"is_daily":false,"chose_seed":false,"campfire_upgraded":4,"win_rate":0,"timestamp":1671658882,"path_taken":["M","?","?","M","?","E","R","M","T","R","$","?","$","E","R","BOSS","M","?","?","$","?","M","R","E","T","M","R","?","E"],"build_version":"2022-12-18","purchased_purges":1,"victory":false,"max_hp_per_floor":[80,80,80,80,80,80,80,80,80,80,80,80,80,80,80,80,80,80,80,80,80,80,80,80,80,80,80,80,80,80],"card_choices":[{"not_picked":["Metamorphosis","Master of Strategy"],"picked":"The Bomb","floor":0},{"not_picked":["Battle Trance","Headbutt"],"picked":"Rampage","floor":1},{"not_picked":["Reckless Charge","Clash"],"picked":"Shockwave","floor":4},{"not_picked":["Dark Embrace","Shockwave"],"picked":"Clash","floor":6},{"not_picked":["Thunderclap","Rupture"],"picked":"Uppercut","floor":8},{"not_picked":["Thunderclap","Twin Strike"],"picked":"Headbutt","floor":14},{"not_picked":["Exhume","Barricade"],"picked":"Fiend Fire","floor":16},{"not_picked":["Anger","Rupture+1","Entrench"],"picked":"SKIP","floor":18},{"not_picked":["Thunderclap","Iron Wave"],"picked":"Flame Barrier","floor":23},{"not_picked":["Sentinel","Havoc"],"picked":"Burning Pact+1","floor":25},{"not_picked":["Sword Boomerang","Headbutt"],"picked":"Dark Embrace+1","floor":27}],"player_experience":865290,"relics_obtained":[{"floor":6,"key":"Bag of Marbles"},{"floor":9,"key":"Potion Belt"},{"floor":14,"key":"Whetstone"},{"floor":25,"key":"Paper Frog"},{"floor":25,"key":"White Beast Statue"},{"floor":26,"key":"Smiling Mask"}],"event_choices":[{"damage_healed":20,"gold_gain":0,"player_choice":"Healed","damage_taken":0,"max_hp_gain":0,"max_hp_loss":0,"event_name":"The Cleric","floor":2,"gold_loss":35},{"damage_healed":0,"gold_gain":0,"player_choice":"Entered Light","damage_taken":16,"max_hp_gain":0,"max_hp_loss":0,"event_name":"Shining Light","floor":3,"gold_loss":0,"cards_upgraded":["Defend_R","Rampage"]},{"damage_healed":0,"gold_gain":0,"cards_transformed":["Strike_R"],"player_choice":"Change","damage_taken":0,"max_hp_gain":0,"max_hp_loss":0,"event_name":"Living Wall","floor":5,"gold_loss":0,"cards_obtained":["Infernal Blade"]},{"damage_healed":26,"gold_gain":0,"player_choice":"Banana","damage_taken":0,"max_hp_gain":0,"max_hp_loss":0,"event_name":"Big Fish","floor":12,"gold_loss":0},{"cards_removed":["Strike_R"],"damage_healed":0,"gold_gain":0,"player_choice":"Upgrade and Remove","damage_taken":0,"max_hp_gain":0,"max_hp_loss":0,"event_name":"Designer","floor":19,"gold_loss":90,"cards_upgraded":["Defend_R"]},{"damage_healed":0,"gold_gain":0,"player_choice":"Upgraded","damage_taken":0,"max_hp_gain":0,"max_hp_loss":0,"event_name":"Upgrade Shrine","floor":22,"gold_loss":0,"cards_upgraded":["Uppercut"]},{"damage_healed":0,"gold_gain":0,"player_choice":"Got Potions","damage_taken":0,"max_hp_gain":0,"max_hp_loss":0,"event_name":"Lab","floor":29,"gold_loss":0}],"is_beta":false,"boss_relics":[{"not_picked":["Pandora\u0027s Box","Tiny House"],"picked":"Black Star"}],"items_purged_floors":[13],"is_endless":false,"potions_floor_spawned":[4,6,14,16,18,27],"killed_by":"Book of Stabbing","ascension_level":10}