{"gold_per_floor":[516,516,547,577,608,608,342,342,374,401,427,427,427,52,77,115,152,196],"floor_reached":19,"playtime":1055,"items_purged":["Strike_R","Defend_R","Strike_R"],"score":345,"play_id":"930ae551-52cd-4674-93fb-3ac2b890b221","local_time":"20221222094528","daily_mods":["challengethespire:Bronze Difficulty","challengethespire:Elite Rush","Uncertain Future"],"is_ascension_mode":true,"campfire_choices":[{"data":"Dark Embrace","floor":2,"key":"SMITH"},{"data":"True Grit","floor":8,"key":"SMITH"},{"floor":13,"key":"REST"}],"neow_cost":"","seed_source_timestamp":0,"circlet_count":0,"master_deck":["Strike_R","Strike_R","Strike_R+1","Defend_R","Defend_R","Defend_R","Bash","Thunderclap","Intimidate","Dark Embrace+1","Burning Pact","Chrysalis","Feed+1","Feel No Pain","Fiend Fire","Feel No Pain+1","True Grit+1","PanicButton","Impervious","Demon Form+1","Corruption+1","Second Wind","Body Slam","Body Slam","Limit Break"],"relics":["Burning Blood","Black Star","Sling","PreservedInsect","Akabeko","Red Skull","Whetstone","Mercury Hourglass","Frozen Egg 2","Bag of Marbles","Cursed Key","Unceasing Top","Ornamental Fan","Calipers","HornCleat","Bronze Scales","Ancient Tea Set","Runic Dome","Kunai","Vajra","Omamori","Potion Belt","CeramicFish","Shuriken","Lantern","Eternal Feather","Blood Vial"],"potions_floor_usage":[9,11,16,17],"damage_taken":[{"damage":13,"enemies":"3 Sentries","floor":3,"turns":5},{"damage":14,"enemies":"Gremlin Nob","floor":4,"turns":3},{"damage":14,"enemies":"Lagavulin","floor":5,"turns":5},{"damage":23,"enemies":"Book of Stabbing","floor":9,"turns":5},{"damage":0,"enemies":"Gremlin Leader","floor":10,"turns":3},{"damage":23,"enemies":"Slavers","floor":11,"turns":3},{"damage":13,"enemies":"Giant Head","floor":15,"turns":6},{"damage":18,"enemies":"Nemesis","floor":16,"turns":5},{"damage":8,"enemies":"Reptomancer","floor":17,"turns":4},{"damage":4,"enemies":"Shield and Spear","floor":18,"turns":5}],"seed_played":"-9058942586476286389","potions_obtained":[{"floor":5,"key":"DistilledChaos"},{"floor":9,"key":"GamblersBrew"},{"floor":11,"key":"Energy Potion"},{"floor":15,"key":"Strength Potion"}],"is_trial":true,"path_per_floor":["$","R","E","E","E","T","$","R","E","E","E","T","R","$","E","E","E","E",null],"character_chosen":"IRONCLAD","items_purchased":["Thunderclap","Intimidate","Dark Embrace","Burning Pact","Chrysalis","Feel No Pain+1","True Grit","PanicButton","Kunai"],"campfire_rested":1,"item_purchase_floors":[1,1,1,1,1,7,7,7,14],"current_hp_per_floor":[80,80,73,65,57,57,57,57,40,46,29,29,53,53,46,34,32,34],"gold":196,"neow_bonus":"","is_prod":false,"is_daily":false,"chose_seed":false,"campfire_upgraded":2,"win_rate":0,"timestamp":1671720328,"path_taken":["$","R","E","E","E","T","$","R","E","E","E","T","R","$","E","E","E","E"],"build_version":"2022-12-18","purchased_purges":3,"victory":true,"max_hp_per_floor":[80,80,80,80,80,80,80,80,80,80,80,80,80,80,80,80,80,80],"card_choices":[],"player_experience":872523,"relics_obtained":[{"floor":3,"key":"Akabeko"},{"floor":3,"key":"Red Skull"},{"floor":4,"key":"Whetstone"},{"floor":4,"key":"Mercury Hourglass"},{"floor":5,"key":"Frozen Egg 2"},{"floor":5,"key":"Bag of Marbles"},{"floor":9,"key":"Unceasing Top"},{"floor":9,"key":"Ornamental Fan"},{"floor":10,"key":"Calipers"},{"floor":10,"key":"HornCleat"},{"floor":11,"key":"Bronze Scales"},{"floor":11,"key":"Ancient Tea Set"},{"floor":15,"key":"Vajra"},{"floor":15,"key":"Omamori"},{"floor":16,"key":"Potion Belt"},{"floor":16,"key":"CeramicFish"},{"floor":17,"key":"Shuriken"},{"floor":17,"key":"Lantern"},{"floor":18,"key":"Eternal Feather"},{"floor":18,"key":"Blood Vial"}],"event_choices":[],"is_beta":false,"boss_relics":[{"not_picked":["Astrolabe","Black Blood"],"picked":"Cursed Key"},{"not_picked":["Coffee Dripper","Velvet Choker"],"picked":"Runic Dome"}],"items_purged_floors":[1,7,14],"is_endless":false,"potions_floor_spawned":[5,9,11,15],"ascension_level":0}