{"gold_per_floor":[113,125,143,157,169,198,198,231,231,34,34],"floor_reached":11,"playtime":406,"items_purged":["Parasite"],"score":170,"play_id":"ef7c548f-f3d7-4e4e-a521-098879f0f45b","local_time":"20221214145616","is_ascension_mode":true,"campfire_choices":[],"neow_cost":"NONE","seed_source_timestamp":45106271477000,"circlet_count":0,"master_deck":["AscendersBane","Strike_R","Strike_R","Strike_R","Strike_R","Strike_R","Defend_R","Defend_R","Defend_R","Defend_R","Bash","True Grit","Thunderclap","Carnage","Wild Strike","Shockwave","Burning Pact","Evolve","Disarm"],"special_seed":0,"relics":["Burning Blood","NeowsBlessing","Ice Cream","Ornamental Fan","Eternal Feather"],"potions_floor_usage":[6],"damage_taken":[{"damage":0,"enemies":"2 Louse","floor":1,"turns":1},{"damage":0,"enemies":"Small Slimes","floor":2,"turns":1},{"damage":0,"enemies":"Jaw Worm","floor":3,"turns":1},{"damage":19,"enemies":"Blue Slaver","floor":4,"turns":3},{"damage":14,"enemies":"Looter","floor":5,"turns":4},{"damage":25,"enemies":"Lagavulin","floor":6,"turns":5},{"damage":46,"enemies":"3 Sentries","floor":8,"turns":9},{"damage":18,"enemies":"Red Slaver","floor":11,"turns":3}],"seed_played":"-7259875404063463521","potions_obtained":[{"floor":3,"key":"SkillPotion"},{"floor":6,"key":"Ancient Potion"}],"is_trial":false,"path_per_floor":["M","M","M","M","M","E","?","E","T","$","M"],"character_chosen":"IRONCLAD","items_purchased":["Evolve","Disarm"],"campfire_rested":0,"item_purchase_floors":[10,10],"current_hp_per_floor":[74,75,75,62,54,35,53,13,13,13,0],"gold":34,"neow_bonus":"THREE_ENEMY_KILL","is_prod":false,"is_daily":false,"chose_seed":false,"campfire_upgraded":0,"win_rate":0,"timestamp":1671047776,"path_taken":["M","M","M","M","M","E","?","E","T","$","M"],"build_version":"2022-12-01","purchased_purges":1,"victory":false,"max_hp_per_floor":[75,75,75,75,75,75,75,75,75,72,72],"card_choices":[{"not_picked":["Seeing Red","Armaments"],"picked":"True Grit","floor":1},{"not_picked":["Sword Boomerang","Iron Wave"],"picked":"Thunderclap","floor":2},{"not_picked":["Warcry","Exhume"],"picked":"Carnage","floor":3},{"not_picked":["Sword Boomerang","Entrench"],"picked":"Wild Strike","floor":4},{"not_picked":["Havoc","Uppercut"],"picked":"Shockwave","floor":5},{"not_picked":["Whirlwind","Reckless Charge","Heavy Blade"],"picked":"SKIP","floor":6},{"not_picked":["Battle Trance","Twin Strike"],"picked":"Burning Pact","floor":8}],"player_experience":1349985,"relics_obtained":[{"floor":6,"key":"Ice Cream"},{"floor":8,"key":"Ornamental Fan"},{"floor":9,"key":"Eternal Feather"}],"event_choices":[{"damage_healed":18,"gold_gain":0,"player_choice":"Healed and dodged fight","damage_taken":0,"max_hp_gain":0,"max_hp_loss":0,"event_name":"Mushrooms","floor":7,"gold_loss":0,"cards_obtained":["Parasite"]}],"is_beta":false,"boss_relics":[],"items_purged_floors":[10],"is_endless":false,"potions_floor_spawned":[3,6],"killed_by":"Red Slaver","ascension_level":20}