{"gold_per_floor":[113,124,137,156,156,156,189,214,241,56,56,6,37,53,53,174,174,189,71,71,96,117,158,158,177,177,177,177,190,190,229,229,352,352,377,440,519,237,260,260,303,326,326,326],"floor_reached":44,"playtime":2280,"items_purged":["Strike_R","Strike_R","Defend_R","Defend_R"],"score":732,"play_id":"d9d6f80a-cc0a-4967-bfc4-085ff52907d4","local_time":"20221218222415","is_ascension_mode":true,"campfire_choices":[{"data":"Armaments","floor":6.0,"key":"SMITH"},{"floor":15.0,"key":"REST"},{"data":"Juggernaut","floor":28,"key":"SMITH"},{"data":"Metallicize","floor":30,"key":"SMITH"},{"floor":32,"key":"REST"},{"data":"Rupture","floor":40,"key":"SMITH"}],"neow_cost":"TEN_PERCENT_HP_LOSS","seed_source_timestamp":207359231636000,"circlet_count":0,"master_deck":["AscendersBane","Bash","Seeing Red","Rampage","Armaments+1","Anger","Shockwave","Uppercut","Juggernaut+1","Intimidate","Immolate","Body Slam","Sever Soul","Flame Barrier","Iron Wave","Reaper","Dropkick+1","Metallicize","Power Through+1","Iron Wave+1","Rage+1","Tools of the Trade+1","Metallicize+1","Disarm+1","Feed","Brutality+1","Seeing Red+1","Hemokinesis+1","Rupture+1","Hemokinesis","True Grit+1","Rage+1"],"special_seed":0,"relics":["Burning Blood","Golden Idol","Smiling Mask","Red Skull","Orichalcum","Sozu","Bag of Marbles","Nunchaku","Astrolabe","FossilizedHelix","Bottled Tornado","ClockworkSouvenir","Gremlin Horn","Happy Flower"],"potions_floor_usage":[],"damage_taken":[{"damage":6.0,"enemies":"Cultist","floor":1.0,"turns":4.0},{"damage":7.0,"enemies":"Small Slimes","floor":2.0,"turns":4.0},{"damage":3.0,"enemies":"2 Louse","floor":3.0,"turns":3.0},{"damage":15.0,"enemies":"Red Slaver","floor":4.0,"turns":5.0},{"damage":30.0,"enemies":"Lagavulin","floor":7.0,"turns":5.0},{"damage":0.0,"enemies":"Large Slime","floor":8.0,"turns":5.0},{"damage":10.0,"enemies":"3 Sentries","floor":13.0,"turns":5.0},{"damage":4.0,"enemies":"Looter","floor":14.0,"turns":3.0},{"damage":11.0,"enemies":"Hexaghost","floor":16.0,"turns":8.0},{"damage":5.0,"enemies":"3 Byrds","floor":18.0,"turns":4.0},{"damage":18.0,"enemies":"2 Thieves","floor":21.0,"turns":3.0},{"damage":14.0,"enemies":"Chosen and Byrds","floor":22.0,"turns":6.0},{"damage":18.0,"enemies":"Book of Stabbing","floor":23.0,"turns":5.0},{"damage":22.0,"enemies":"Snake Plant","floor":25.0,"turns":4.0},{"damage":0,"enemies":"3 Cultists","floor":29,"turns":3},{"damage":18,"enemies":"Gremlin Leader","floor":31,"turns":8},{"damage":41,"enemies":"Automaton","floor":33,"turns":10},{"damage":14,"enemies":"Orb Walker","floor":35,"turns":4},{"damage":11,"enemies":"Mind Bloom Boss Battle","floor":36,"turns":8},{"damage":32,"enemies":"3 Darklings","floor":39,"turns":5},{"damage":12,"enemies":"Nemesis","floor":41,"turns":9},{"damage":31,"enemies":"4 Shapes","floor":42,"turns":3},{"damage":36,"enemies":"Giant Head","floor":44,"turns":7}],"seed_played":"3188318351514252453","potions_obtained":[{"floor":4.0,"key":"LiquidBronze"},{"floor":7.0,"key":"Block Potion"},{"floor":13.0,"key":"BlessingOfTheForge"},{"floor":14.0,"key":"LiquidBronze"}],"is_trial":false,"path_per_floor":["M","M","M","M","?","R","E","M","T","$","?","$","E","M","R","B",null,"M","$","?","M","M","E","?","M","T","?","R","M","R","E","R","B",null,"M","?","T","$","M","R","E","M","T","E"],"character_chosen":"IRONCLAD","items_purchased":["Immolate","Metallicize","Hemokinesis","ClockworkSouvenir"],"campfire_rested":2,"item_purchase_floors":[10,19,38,38],"current_hp_per_floor":[72,71,72,63,45,45,21,27,27,27,27,27,23,25,46,41,64,68,68,68,60,56,44,44,40,40,40,40,50,50,38,59,36,63,65,66,66,66,52,52,51,29,29,0],"gold":326,"neow_bonus":"TRANSFORM_TWO_CARDS","is_prod":false,"is_daily":false,"chose_seed":false,"campfire_upgraded":4,"win_rate":0,"timestamp":1671420255,"path_taken":["M","?","M","M","?","R","E","M","T","$","?","$","E","?","R","BOSS","M","$","?","M","M","E","?","M","T","?","R","M","R","E","R","BOSS","M","?","?","$","M","R","E","M","T","E"],"build_version":"2022-12-01","purchased_purges":4,"victory":false,"max_hp_per_floor":[72,72,72,72,72,72,72,72,72,72,72,72,72,72,72,72,72,72,72,72,72,72,72,72,72,72,72,72,72,72,72,72,72,72,75,75,75,75,75,75,75,78,78,78],"card_choices":[{"not_picked":["Body Slam","Clothesline"],"picked":"Armaments","floor":1.0},{"not_picked":["Pommel Strike","Heavy Blade"],"picked":"Anger","floor":2.0},{"not_picked":["Armaments","Sword Boomerang"],"picked":"Shockwave","floor":3.0},{"not_picked":["Thunderclap","Clash"],"picked":"Uppercut","floor":4.0},{"not_picked":["Infernal Blade","Carnage"],"picked":"Juggernaut","floor":7.0},{"not_picked":["True Grit","Wild Strike"],"picked":"Intimidate","floor":8.0},{"not_picked":["Whirlwind","Clothesline"],"picked":"Flame Barrier","floor":13.0},{"not_picked":["Cleave","Bloodletting"],"picked":"Iron Wave","floor":14.0},{"not_picked":["Brutality","Barricade"],"picked":"Reaper","floor":16.0},{"not_picked":["Pommel Strike","Clothesline"],"picked":"Dropkick+1","floor":18.0},{"not_picked":["Sword Boomerang","True Grit"],"picked":"Power Through+1","floor":21.0},{"not_picked":["Carnage","Havoc+1"],"picked":"Iron Wave+1","floor":22.0},{"not_picked":["Ghostly Armor+1","Body Slam"],"picked":"Rage+1","floor":23.0},{"not_picked":["Sword Boomerang","Anger","Headbutt"],"picked":"SKIP","floor":25.0},{"not_picked":["Sword Boomerang+1","Burning Pact"],"picked":"Metallicize","floor":29},{"not_picked":["Pummel","Carnage"],"picked":"Disarm+1","floor":31},{"not_picked":["Barricade","Reaper"],"picked":"Feed","floor":33},{"not_picked":["Clash+1","Armaments+1","Reckless Charge"],"picked":"SKIP","floor":35},{"not_picked":["Clash","Dropkick+1"],"picked":"Rupture","floor":36},{"not_picked":["Armaments+1","True Grit+1","Havoc"],"picked":"SKIP","floor":39},{"not_picked":["Armaments+1","Havoc"],"picked":"True Grit+1","floor":39},{"not_picked":["Clothesline","Twin Strike+1"],"picked":"Rage+1","floor":41},{"not_picked":["Perfected Strike+1","Uppercut","Barricade"],"picked":"SKIP","floor":42}],"player_experience":853534,"relics_obtained":[{"floor":7.0,"key":"Smiling Mask"},{"floor":9.0,"key":"Red Skull"},{"floor":13.0,"key":"Orichalcum"},{"floor":23.0,"key":"Bag of Marbles"},{"floor":31,"key":"Nunchaku"},{"floor":36,"key":"FossilizedHelix"},{"floor":37,"key":"Bottled Tornado"},{"floor":41,"key":"Gremlin Horn"},{"floor":43,"key":"Happy Flower"}],"event_choices":[{"damage_healed":0.0,"max_hp_gain":0.0,"max_hp_loss":0.0,"gold_gain":0.0,"event_name":"Golden Idol","player_choice":"Take Damage","floor":5.0,"gold_loss":0.0,"damage_taken":18.0,"relics_obtained":["Golden Idol"]},{"damage_healed":0.0,"max_hp_gain":0.0,"max_hp_loss":0.0,"gold_gain":0.0,"event_name":"Match and Keep!","player_choice":"2 cards matched","floor":11.0,"gold_loss":0.0,"damage_taken":0.0,"cards_obtained":["Body Slam","Sever Soul"]},{"damage_healed":0.0,"max_hp_gain":0.0,"max_hp_loss":0.0,"gold_gain":0.0,"event_name":"Lab","player_choice":"Got Potions","floor":20.0,"gold_loss":0.0,"damage_taken":0.0},{"cards_removed":["Juggernaut"],"damage_healed":0.0,"max_hp_gain":0.0,"max_hp_loss":0.0,"gold_gain":0.0,"event_name":"betterNote:BetterNote","player_choice":"Take \u0026 Give","floor":24.0,"gold_loss":0.0,"damage_taken":0.0,"cards_obtained":["Tools of the Trade"]},{"damage_healed":0,"gold_gain":0,"player_choice":"Ignored","damage_taken":0,"max_hp_gain":0,"max_hp_loss":0,"event_name":"Ghosts","floor":27,"gold_loss":0},{"damage_healed":0,"gold_gain":0,"player_choice":"Fight","damage_taken":0,"max_hp_gain":0,"max_hp_loss":0,"event_name":"MindBloom","floor":36,"gold_loss":0}],"is_beta":false,"boss_relics":[{"not_picked":["Fusion Hammer","Coffee Dripper"],"picked":"Sozu"},{"not_picked":["Runic Cube","Snecko Eye"],"picked":"Astrolabe"}],"items_purged_floors":[10,12,19,38],"is_endless":false,"potions_floor_spawned":[4,7,13,14,22,23,25,29,33,36,42],"killed_by":"Giant Head","ascension_level":10}