{"gold_per_floor":[111,123,123,123,137,137,212,240,263,282,282,294,294,99,99,199,199,219,219,233,244,254,254],"floor_reached":23,"playtime":1228,"items_purged":["Defend_R"],"score":228,"play_id":"41ae6b38-2b2b-45b4-a65f-f14149a3e260","local_time":"20221214123331","is_ascension_mode":true,"campfire_choices":[{"data":"Seeing Red","floor":6,"key":"SMITH"},{"data":"Body Slam","floor":11,"key":"SMITH"},{"floor":15,"key":"REST"}],"neow_cost":"PERCENT_DAMAGE","seed_source_timestamp":35715527420300,"circlet_count":0,"master_deck":["Strike_R","Strike_R","Defend_R","Defend_R","Defend_R","Bash","Body Slam+1","Seeing Red+1","True Grit","Anger","Combust","Dark Embrace","Rupture","Limit Break","Armaments","Shrug It Off+1","Dropkick","Feel No Pain+1","Thunderclap+1"],"relics":["Burning Blood","Strawberry","Nunchaku","Sundial","Runic Cube"],"potions_floor_usage":[5,8,10,16],"damage_taken":[{"damage":0,"enemies":"2 Louse","floor":1,"turns":3},{"damage":3,"enemies":"Small Slimes","floor":2,"turns":3},{"damage":6,"enemies":"Jaw Worm","floor":5,"turns":4},{"damage":20,"enemies":"Gremlin Nob","floor":8,"turns":4},{"damage":22,"enemies":"Exordium Wildlife","floor":10,"turns":6},{"damage":19,"enemies":"Lots of Slimes","floor":12,"turns":4},{"damage":19,"enemies":"Slime Boss","floor":16,"turns":7},{"damage":36,"enemies":"2 Thieves","floor":18,"turns":5},{"damage":8,"enemies":"Shell Parasite","floor":20,"turns":6},{"damage":27,"enemies":"Centurion and Healer","floor":21,"turns":9},{"damage":22,"enemies":"Cultist and Chosen","floor":22,"turns":9},{"damage":29,"enemies":"Slavers","floor":23,"turns":2}],"seed_played":"8033850671057551717","potions_obtained":[{"floor":1,"key":"ColorlessPotion"},{"floor":2,"key":"Swift Potion"},{"floor":10,"key":"Fruit Juice"},{"floor":20,"key":"FearPotion"}],"is_trial":false,"path_per_floor":["M","M","?","?","M","R","?","E","T","M","R","M","?","$","R","B",null,"M","?","M","M","M","E"],"character_chosen":"IRONCLAD","items_purchased":["Rupture","AttackPotion"],"campfire_rested":1,"item_purchase_floors":[14,14],"current_hp_per_floor":[62,65,70,70,70,70,59,52,52,41,41,28,28,28,57,44,97,67,67,65,44,28,0],"gold":254,"neow_bonus":"REMOVE_TWO","is_prod":false,"is_daily":false,"chose_seed":false,"campfire_upgraded":2,"win_rate":0,"timestamp":1671039211,"path_taken":["M","M","?","?","M","R","?","E","T","M","R","M","?","$","R","BOSS","M","?","M","M","?","E"],"build_version":"2022-12-01","purchased_purges":1,"victory":false,"max_hp_per_floor":[80,80,85,85,85,85,85,92,92,97,97,97,97,97,97,97,97,97,97,97,97,97,97],"card_choices":[{"not_picked":["Perfected Strike","Thunderclap"],"picked":"Body Slam","floor":1},{"not_picked":["Sword Boomerang","Clothesline"],"picked":"Seeing Red","floor":2},{"not_picked":["Flex","Uppercut"],"picked":"Anger","floor":5},{"not_picked":["Warcry","Reckless Charge"],"picked":"Combust","floor":8},{"not_picked":["Heavy Blade","Seeing Red"],"picked":"Dark Embrace","floor":10},{"not_picked":["True Grit","Twin Strike","Clothesline"],"picked":"SKIP","floor":12},{"not_picked":["Reaper","Immolate"],"picked":"Limit Break","floor":16},{"not_picked":["Burning Pact","Shockwave"],"picked":"Armaments","floor":18},{"not_picked":["Pommel Strike","Clothesline"],"picked":"Dropkick","floor":20},{"not_picked":["Headbutt","Clothesline"],"picked":"Feel No Pain+1","floor":21},{"not_picked":["Metallicize","Sword Boomerang+1"],"picked":"Thunderclap+1","floor":22}],"player_experience":1345367,"relics_obtained":[{"floor":8,"key":"Strawberry"},{"floor":9,"key":"Nunchaku"}],"event_choices":[{"damage_healed":0,"gold_gain":0,"player_choice":"Donut","damage_taken":0,"max_hp_gain":5,"max_hp_loss":0,"event_name":"Big Fish","floor":3,"gold_loss":0},{"damage_healed":0,"gold_gain":0,"cards_transformed":["Strike_R"],"player_choice":"Change","damage_taken":0,"max_hp_gain":0,"max_hp_loss":0,"event_name":"Living Wall","floor":4,"gold_loss":0,"cards_obtained":["True Grit"]},{"damage_healed":0,"gold_gain":75,"player_choice":"Gather Gold","damage_taken":11,"max_hp_gain":0,"max_hp_loss":0,"event_name":"World of Goop","floor":7,"gold_loss":0},{"damage_healed":0,"gold_gain":0,"player_choice":"Searched \u00271\u0027 times","damage_taken":0,"relics_obtained":["Sundial"],"max_hp_gain":0,"max_hp_loss":0,"event_name":"Dead Adventurer","floor":13,"gold_loss":0},{"damage_healed":0,"gold_gain":0,"player_choice":"Take","damage_taken":0,"max_hp_gain":0,"max_hp_loss":0,"event_name":"betterNote:BetterNote","floor":19,"gold_loss":0,"cards_obtained":["Shrug It Off"]}],"is_beta":false,"boss_relics":[{"not_picked":["Black Star","Astrolabe"],"picked":"Runic Cube"}],"items_purged_floors":[14],"is_endless":false,"potions_floor_spawned":[1,2,10,20],"killed_by":"Slavers","ascension_level":1}