{"gold_per_floor":[111,286,296,308,308,308,337,337,411,411,411,443,443,443,443,541,541,557,0,15,34,46,46,23,42,110,110,110,110,110,110,110,110],"floor_reached":33,"playtime":1032,"items_purged":["Strike_R"],"score":402,"play_id":"eeaafaeb-f16a-4ce6-b0a1-36951d5a5eaa","local_time":"20221218102334","is_ascension_mode":true,"campfire_choices":[{"data":"Rampage","floor":6,"key":"SMITH"},{"data":"Bash","floor":8,"key":"SMITH"},{"floor":11,"key":"REST"},{"floor":15,"key":"REST"},{"data":"Rupture","floor":23,"key":"SMITH"},{"data":"Berserk","floor":27,"key":"SMITH"},{"data":"True Grit","floor":29,"key":"SMITH"},{"data":"J.A.X.","floor":32,"key":"SMITH"}],"neow_cost":"NONE","seed_source_timestamp":165380382600000,"circlet_count":0,"master_deck":["AscendersBane","Strike_R","Strike_R","Strike_R+1","Defend_R","Defend_R","Defend_R+1","Defend_R","Bash+1","Sever Soul","Rampage+1","Anger","Rupture+1","Flame Barrier","Berserk+1","Brutality","Hemokinesis+1","Hemokinesis+1","Disarm","Headbutt+1","Intimidate","True Grit+1","Warcry","Armaments+1","Ghostly","Ghostly","Ghostly","Ghostly","Ghostly","J.A.X.+1"],"special_seed":0,"relics":["Black Blood","NeowsBlessing","Juzu Bracelet","Question Card","White Beast Statue","Molten Egg 2","DollysMirror","Meat on the Bone","Gremlin Horn","Frozen Egg 2"],"potions_floor_usage":[7,16,18,21,22,25,33],"damage_taken":[{"damage":0,"enemies":"Small Slimes","floor":1,"turns":1},{"damage":0,"enemies":"Jaw Worm","floor":3,"turns":1},{"damage":0,"enemies":"2 Louse","floor":4,"turns":1},{"damage":40,"enemies":"Lagavulin","floor":7,"turns":6},{"damage":37,"enemies":"3 Sentries","floor":12,"turns":9},{"damage":38,"enemies":"The Guardian","floor":16,"turns":14},{"damage":24,"enemies":"Shell Parasite","floor":18,"turns":7},{"damage":41,"enemies":"3 Byrds","floor":20,"turns":4},{"damage":22,"enemies":"Snecko","floor":21,"turns":3},{"damage":40,"enemies":"Cultist and Chosen","floor":22,"turns":6},{"damage":41,"enemies":"Snake Plant","floor":25,"turns":4},{"damage":46,"enemies":"Collector","floor":33,"turns":7}],"seed_played":"7017402007617699231","potions_obtained":[{"floor":4,"key":"Strength Potion"},{"floor":7,"key":"Ancient Potion"},{"floor":16,"key":"SkillPotion"},{"floor":18,"key":"FairyPotion"},{"floor":20,"key":"LiquidMemories"},{"floor":21,"key":"Ancient Potion"},{"floor":22,"key":"Ancient Potion"},{"floor":25,"key":"Ancient Potion"}],"is_trial":false,"path_per_floor":["M","?","M","M","?","R","E","R","T","?","R","E","T","?","R","B",null,"M","$","M","M","M","R","$","M","T","R","T","R","?","?","R","B"],"character_chosen":"IRONCLAD","items_purchased":["DollysMirror","Meat on the Bone","Disarm","Warcry"],"campfire_rested":2,"item_purchase_floors":[19,19,19,24],"current_hp_per_floor":[78,78,80,80,73,73,39,39,39,23,47,16,16,16,40,8,62,50,50,33,35,46,46,46,29,29,29,29,29,29,29,29,0],"gold":110,"neow_bonus":"THREE_ENEMY_KILL","is_prod":false,"is_daily":false,"chose_seed":false,"campfire_upgraded":6,"win_rate":0.0,"timestamp":1671377014,"path_taken":["M","?","M","M","?","R","E","R","T","?","R","E","?","?","R","BOSS","M","$","M","M","M","R","$","M","T","R","?","R","?","?","R","BOSS"],"build_version":"2022-12-01","purchased_purges":1,"victory":false,"max_hp_per_floor":[80,80,80,80,80,80,80,80,80,80,80,80,80,80,80,80,80,80,80,80,80,80,80,80,80,80,80,80,80,40,40,40,40],"card_choices":[{"not_picked":["Iron Wave","Sword Boomerang"],"picked":"Sever Soul","floor":1},{"not_picked":["Thunderclap","Heavy Blade"],"picked":"Rampage","floor":3},{"not_picked":["Flame Barrier","Clash"],"picked":"Anger","floor":4},{"not_picked":["Havoc","Sever Soul"],"picked":"Rupture","floor":7},{"not_picked":["Flex","Wild Strike","True Grit"],"picked":"Flame Barrier","floor":12},{"not_picked":["Exhume","Berserk","Corruption"],"picked":"Brutality","floor":16},{"not_picked":["Pommel Strike+1","Dual Wield","Fire Breathing"],"picked":"Hemokinesis+1","floor":18},{"not_picked":["Anger+1","Twin Strike+1","Perfected Strike+1"],"picked":"Headbutt+1","floor":20},{"not_picked":["Wild Strike+1","Cleave+1","Ghostly Armor"],"picked":"Intimidate","floor":21},{"not_picked":["Intimidate","Heavy Blade+1","Clothesline+1"],"picked":"True Grit","floor":22},{"not_picked":["Hemokinesis+1","Clothesline+1","Blood for Blood+1"],"picked":"Armaments+1","floor":25}],"player_experience":1403406,"relics_obtained":[{"floor":7,"key":"Juzu Bracelet"},{"floor":9,"key":"Question Card"},{"floor":12,"key":"White Beast Statue"},{"floor":13,"key":"Molten Egg 2"},{"floor":26,"key":"Gremlin Horn"},{"floor":28,"key":"Frozen Egg 2"}],"event_choices":[{"damage_healed":0,"gold_gain":175,"player_choice":"AGREE","damage_taken":0,"max_hp_gain":0,"max_hp_loss":0,"event_name":"Liars Game","floor":2,"gold_loss":0,"cards_obtained":["Doubt"]},{"cards_removed":["Doubt"],"damage_healed":0,"gold_gain":0,"player_choice":"Card Removal","damage_taken":7,"max_hp_gain":0,"max_hp_loss":0,"event_name":"Golden Wing","floor":5,"gold_loss":0},{"damage_healed":0,"gold_gain":0,"player_choice":"Entered Light","damage_taken":16,"max_hp_gain":0,"max_hp_loss":0,"event_name":"Shining Light","floor":10,"gold_loss":0,"cards_upgraded":["Strike_R","Defend_R"]},{"damage_healed":0,"gold_gain":0,"cards_transformed":["Strike_R"],"player_choice":"Transformed","damage_taken":0,"max_hp_gain":0,"max_hp_loss":0,"event_name":"Transmorgrifier","floor":14,"gold_loss":0,"cards_obtained":["Berserk"]},{"damage_healed":0,"gold_gain":0,"player_choice":"Became a Ghost","damage_taken":0,"max_hp_gain":0,"max_hp_loss":40,"event_name":"Ghosts","floor":30,"gold_loss":0,"cards_obtained":["Ghostly","Ghostly","Ghostly","Ghostly","Ghostly"]},{"damage_healed":0,"gold_gain":0,"player_choice":"Obtain J.A.X.","damage_taken":0,"max_hp_gain":0,"max_hp_loss":0,"event_name":"Drug Dealer","floor":31,"gold_loss":0,"cards_obtained":["J.A.X."]}],"is_beta":false,"boss_relics":[{"not_picked":["Coffee Dripper","Sozu"],"picked":"Black Blood"}],"items_purged_floors":[19],"is_endless":false,"potions_floor_spawned":[4,7,16,18,20,21,22,25],"killed_by":"Collector","ascension_level":10}