{"gold_per_floor":[115,41,53,67,81,113,128,128,153,153,153,163,177,193,193,292,292,304,5,5,5,28,63,63,4,29,56,56,70,100,114,114,215,215,229,72,83,99,99,127,127,155,155,155,180,191,74,89,89,89],"floor_reached":51,"playtime":3157,"items_purged":[],"score":1016,"play_id":"048809fb-d8d1-4c57-a893-ba8fd05684c0","local_time":"20221219163548","daily_mods":["Shiny","Green Cards","Terminal"],"is_ascension_mode":true,"campfire_choices":[{"data":"After Image","floor":8,"key":"SMITH"},{"data":"Demon Form","floor":11,"key":"SMITH"},{"data":"Calculated Gamble","floor":15,"key":"SMITH"},{"data":"Juggernaut","floor":24,"key":"SMITH"},{"floor":28,"key":"DIG"},{"floor":32,"key":"DIG"},{"floor":44,"key":"DIG"},{"floor":49,"key":"DIG"}],"neow_cost":"","seed_source_timestamp":0,"circlet_count":0,"master_deck":["Venomology","Corpse Explosion","Malaise","Phantasmal Killer","Die Die Die+1","Adrenaline+1","Envenom","Doppelganger","Burst","Wraith Form v2","Tools of the Trade","Night Terror","Unload","After Image+1","Bullet Time","Storm of Steel","Glass Knife","A Thousand Cuts","Grand Finale","Double Tap","Demon Form+1","Bludgeon","Feed","Limit Break+1","Corruption","Barricade","Fiend Fire","Berserk","Impervious","Juggernaut+1","Brutality","Reaper","Exhume","Offering","Immolate","Carnage","Uppercut","Poisoned Stab","Iron Wave+1","Dark Embrace","Spot Weakness","Rage","Calculated Gamble+1","RitualDagger","After Image","Feel No Pain","Headbutt+1","Battle Trance+1"],"relics":["Burning Blood","Tiny Chest","Oddly Smooth Stone","Letter Opener","Mark of Pain","War Paint","Lee\u0027s Waffle","Dream Catcher","Anchor","Boot","Blood Vial","Shovel","Centennial Puzzle","Bird Faced Urn","CaptainsWheel","Runic Cube","Whetstone","Ginger","The Courier","Mercury Hourglass","Ancient Tea Set","InkBottle","Bronze Scales","HandDrill","Lantern"],"potions_floor_usage":[12,13,16,16,16,27,29,30,30,33,33,40,42,45,45,48],"damage_taken":[{"damage":6,"enemies":"Jaw Worm","floor":1,"turns":4},{"damage":0,"enemies":"2 Louse","floor":3,"turns":1},{"damage":0,"enemies":"Small Slimes","floor":4,"turns":1},{"damage":1,"enemies":"Exordium Wildlife","floor":5,"turns":3},{"damage":9,"enemies":"Lagavulin","floor":6,"turns":4},{"damage":6,"enemies":"3 Louse","floor":7,"turns":3},{"damage":24,"enemies":"Lots of Slimes","floor":12,"turns":3},{"damage":5,"enemies":"Blue Slaver","floor":13,"turns":4},{"damage":3,"enemies":"Gremlin Gang","floor":14,"turns":2},{"damage":30,"enemies":"Hexaghost","floor":16,"turns":4},{"damage":6,"enemies":"Chosen","floor":18,"turns":2},{"damage":17,"enemies":"Gremlin Leader","floor":23,"turns":7},{"damage":18,"enemies":"Slavers","floor":27,"turns":3},{"damage":10,"enemies":"Spheric Guardian","floor":29,"turns":3},{"damage":4,"enemies":"Book of Stabbing","floor":30,"turns":3},{"damage":8,"enemies":"Centurion and Healer","floor":31,"turns":6},{"damage":8,"enemies":"Collector","floor":33,"turns":5},{"damage":7,"enemies":"3 Shapes","floor":35,"turns":3},{"damage":17,"enemies":"3 Darklings","floor":37,"turns":3},{"damage":35,"enemies":"Jaw Worm Horde","floor":38,"turns":3},{"damage":10,"enemies":"Nemesis","floor":40,"turns":5},{"damage":9,"enemies":"Giant Head","floor":42,"turns":5},{"damage":25,"enemies":"Reptomancer","floor":45,"turns":5},{"damage":5,"enemies":"4 Shapes","floor":46,"turns":2},{"damage":6,"enemies":"Writhing Mass","floor":48,"turns":3},{"damage":21,"enemies":"Donu and Deca","floor":50,"turns":4}],"seed_played":"2998350857339777602","potions_obtained":[{"floor":1,"key":"Dexterity Potion"},{"floor":4,"key":"Weak Potion"},{"floor":5,"key":"SteroidPotion"},{"floor":13,"key":"FearPotion"},{"floor":18,"key":"Ancient Potion"},{"floor":29,"key":"BlessingOfTheForge"},{"floor":30,"key":"Fruit Juice"},{"floor":33,"key":"SpeedPotion"},{"floor":39,"key":"SteroidPotion"},{"floor":45,"key":"SneckoOil"},{"floor":46,"key":"Explosive Potion"}],"is_trial":true,"path_per_floor":["M","$","M","M","M","E","M","R","T","T","R","M","M","M","R","B",null,"M","$","?","?","T","E","R","?","T","E","R","M","E","M","R","B",null,"M","$","M","M","?","E","T","E","T","R","E","M","$","M","R","B",null],"character_chosen":"IRONCLAD","items_purchased":["Uppercut","War Paint","Lee\u0027s Waffle","Whetstone","HandDrill"],"campfire_rested":0,"item_purchase_floors":[2,19,19,36,47],"current_hp_per_floor":[78,77,76,75,77,74,74,74,73,72,71,53,54,57,57,33,65,64,70,69,63,63,63,63,63,63,54,54,52,56,61,60,64,63,62,61,59,33,33,43,43,58,57,56,43,52,52,52,51,40],"gold":89,"neow_bonus":"","is_prod":false,"is_daily":false,"chose_seed":false,"campfire_upgraded":4,"win_rate":0,"timestamp":1671485748,"path_taken":["M","$","M","M","M","E","M","R","T","?","R","M","M","M","R","BOSS","M","$","?","?","?","E","R","?","T","E","R","M","E","M","R","BOSS","M","$","M","?","?","E","?","E","T","R","E","M","?","M","R","BOSS"],"build_version":"2022-12-01","purchased_purges":0,"victory":true,"max_hp_per_floor":[78,77,76,75,77,76,75,74,73,72,71,70,69,68,67,66,65,64,70,69,68,67,66,65,64,63,65,64,63,62,61,60,64,63,62,61,60,59,58,57,56,58,57,56,55,54,53,52,51,50],"card_choices":[{"not_picked":["Riddle With Holes","Warcry"],"picked":"Carnage","floor":1},{"not_picked":["Perfected Strike","Shockwave"],"picked":"Poisoned Stab","floor":3},{"not_picked":["Terror","Backflip","Deflect"],"picked":"SKIP","floor":4},{"not_picked":["Twin Strike","Clash"],"picked":"Iron Wave","floor":5},{"not_picked":["Bullet Time","Bane"],"picked":"Dark Embrace","floor":6},{"not_picked":["Predator","Flechettes","Disarm"],"picked":"SKIP","floor":7},{"not_picked":["Evolve","Blur"],"picked":"Spot Weakness","floor":12},{"not_picked":["Wild Strike","Pummel"],"picked":"Rage","floor":13},{"not_picked":["Expertise","Deflect"],"picked":"Calculated Gamble","floor":14},{"not_picked":["Body Slam","Clothesline","Bane"],"picked":"SKIP","floor":18},{"not_picked":["Well Laid Plans","Perfected Strike","Seeing Red+1"],"picked":"SKIP","floor":23},{"not_picked":["Well Laid Plans","Perfected Strike","Seeing Red+1"],"picked":"SKIP","floor":23},{"not_picked":["Backflip","Iron Wave+1","Blur"],"picked":"SKIP","floor":27},{"not_picked":["Sucker Punch","Wild Strike","Clothesline+1"],"picked":"SKIP","floor":29},{"not_picked":["Inflame","After Image","Carnage"],"picked":"SKIP","floor":30},{"not_picked":["Inflame","Carnage"],"picked":"After Image","floor":30},{"not_picked":["Reflex+1","Pommel Strike"],"picked":"Feel No Pain","floor":31},{"not_picked":["Endless Agony","Deadly Poison","Heavy Blade"],"picked":"SKIP","floor":35},{"not_picked":["Dagger Throw+1","Outmaneuver","Dropkick+1"],"picked":"SKIP","floor":37},{"not_picked":["Bane","Anger+1"],"picked":"Headbutt+1","floor":38},{"not_picked":["Shrug It Off+1","Dropkick","Predator"],"picked":"SKIP","floor":40},{"not_picked":["Impervious","Searing Blow+1","Blade Dance"],"picked":"SKIP","floor":42},{"not_picked":["Headbutt+1","Slice+1"],"picked":"Battle Trance+1","floor":45},{"not_picked":["Flying Knee","Quick Slash+1","Slice"],"picked":"SKIP","floor":46},{"not_picked":["Quick Slash+1","Body Slam","Acrobatics"],"picked":"SKIP","floor":48}],"player_experience":861789,"relics_obtained":[{"floor":6,"key":"Tiny Chest"},{"floor":9,"key":"Oddly Smooth Stone"},{"floor":10,"key":"Letter Opener"},{"floor":22,"key":"Dream Catcher"},{"floor":23,"key":"Anchor"},{"floor":26,"key":"Blood Vial"},{"floor":27,"key":"Shovel"},{"floor":28,"key":"Centennial Puzzle"},{"floor":30,"key":"Bird Faced Urn"},{"floor":32,"key":"CaptainsWheel"},{"floor":40,"key":"Ginger"},{"floor":41,"key":"The Courier"},{"floor":42,"key":"Mercury Hourglass"},{"floor":43,"key":"Ancient Tea Set"},{"floor":44,"key":"InkBottle"},{"floor":45,"key":"Bronze Scales"},{"floor":49,"key":"Lantern"}],"event_choices":[{"damage_healed":0,"gold_gain":0,"player_choice":"Ignored","damage_taken":0,"max_hp_gain":0,"max_hp_loss":0,"event_name":"betterNote:BetterNote","floor":20,"gold_loss":0,"cards_obtained":["Wraith Form v2"]},{"damage_healed":0,"gold_gain":0,"player_choice":"Joined the Cult","damage_taken":6,"max_hp_gain":0,"max_hp_loss":0,"event_name":"Nest","floor":21,"gold_loss":0,"cards_obtained":["RitualDagger"]},{"damage_healed":0,"gold_gain":0,"player_choice":"Paid Gold","damage_taken":0,"relics_obtained":["Boot"],"max_hp_gain":0,"max_hp_loss":0,"event_name":"WeMeetAgain","floor":25,"gold_loss":59},{"damage_healed":0,"gold_gain":0,"player_choice":"Got Potions","damage_taken":0,"max_hp_gain":0,"max_hp_loss":0,"event_name":"Lab","floor":39,"gold_loss":0}],"is_beta":false,"boss_relics":[{"not_picked":["Cursed Key","SacredBark"],"picked":"Mark of Pain"},{"not_picked":["Black Star","Black Blood"],"picked":"Runic Cube"}],"items_purged_floors":[],"is_endless":false,"potions_floor_spawned":[1,4,5,7,13,18,29,30,33,35,45,46],"ascension_level":1}