{"gold_per_floor":[109,128,203,22,55,107,107,172,243,243,19,67,107,140,140,261,261,325,325,368,384,421,421,479,379,405,515,515,63,74,74,74,197,197,215,228,268,311,11,36,36,78,156,174,216,244,258,2,2,27],"floor_reached":51,"playtime":3390,"items_purged":["Strike_R","Strike_R","Strike_R","Defend_R","Defend_R"],"score":918,"play_id":"7bcca9b7-1d83-4c45-80c6-b49834abfade","local_time":"20221214133137","is_ascension_mode":true,"campfire_choices":[{"data":"True Grit","floor":7.0,"key":"SMITH"},{"data":"Body Slam","floor":10.0,"key":"SMITH"},{"data":"HandOfGreed","floor":15.0,"key":"SMITH"},{"data":"Flex","floor":23.0,"key":"SMITH"},{"data":"Power Through","floor":28.0,"key":"SMITH"},{"data":"Juggernaut","floor":32.0,"key":"SMITH"},{"data":"Discovery","floor":41,"key":"SMITH"},{"floor":49,"key":"REST"}],"neow_cost":"NONE","seed_source_timestamp":36957287062500,"circlet_count":0,"master_deck":["Defend_R","Bash","Body Slam+1","Anger","HandOfGreed+1","Iron Wave","True Grit+1","Headbutt","Sentinel","Feed","Clothesline","Offering","Second Wind","Flex+1","Power Through+1","Metallicize+1","Juggernaut+1","Discovery+1","Rage+1","Metallicize+1","Exhume","Cleave+1","Ghostly Armor+1","Dark Embrace+1","Thunderclap","Infernal Blade","Shockwave"],"special_seed":0,"relics":["Burning Blood","Thread and Needle","Dream Catcher","Gremlin Horn","Gambling Chip","Sundial","Runic Pyramid","Mercury Hourglass","Strawberry","Paper Frog","OrangePellets","Empty Cage","Medical Kit","Frozen Egg 2","Question Card","Mango"],"potions_floor_usage":[36,45,47,50,50],"damage_taken":[{"damage":5.0,"enemies":"Small Slimes","floor":1.0,"turns":4.0},{"damage":6.0,"enemies":"Jaw Worm","floor":2.0,"turns":3.0},{"damage":0.0,"enemies":"2 Louse","floor":5.0,"turns":2.0},{"damage":12.0,"enemies":"Gremlin Nob","floor":6.0,"turns":4.0},{"damage":19.0,"enemies":"3 Sentries","floor":8.0,"turns":11.0},{"damage":21.0,"enemies":"Gremlin Nob","floor":12.0,"turns":4.0},{"damage":0.0,"enemies":"Lots of Slimes","floor":13.0,"turns":2.0},{"damage":14.0,"enemies":"Lagavulin","floor":14.0,"turns":7.0},{"damage":10.0,"enemies":"Slime Boss","floor":16.0,"turns":10.0},{"damage":7.0,"enemies":"2 Thieves","floor":18.0,"turns":3.0},{"damage":0.0,"enemies":"Spheric Guardian","floor":20.0,"turns":3.0},{"damage":6.0,"enemies":"Snecko","floor":21.0,"turns":3.0},{"damage":13.0,"enemies":"Sentry and Sphere","floor":22.0,"turns":4.0},{"damage":4.0,"enemies":"Gremlin Leader","floor":24.0,"turns":6.0},{"damage":15.0,"enemies":"Slavers","floor":27.0,"turns":5.0},{"damage":7.0,"enemies":"Cultist and Chosen","floor":30.0,"turns":4.0},{"damage":11.0,"enemies":"Automaton","floor":33.0,"turns":6.0},{"damage":6,"enemies":"3 Darklings","floor":35,"turns":3},{"damage":0,"enemies":"Orb Walker","floor":36,"turns":2},{"damage":12,"enemies":"Sphere and 2 Shapes","floor":37,"turns":4},{"damage":24,"enemies":"Jaw Worm Horde","floor":38,"turns":3},{"damage":6,"enemies":"Giant Head","floor":40,"turns":6},{"damage":10,"enemies":"4 Shapes","floor":42,"turns":4},{"damage":6,"enemies":"Maw","floor":44,"turns":6},{"damage":6,"enemies":"Jaw Worm Horde","floor":45,"turns":2},{"damage":6,"enemies":"Reptomancer","floor":46,"turns":4},{"damage":15,"enemies":"Writhing Mass","floor":47,"turns":5},{"damage":62,"enemies":"Awakened One","floor":50,"turns":8}],"seed_played":"-7134026237765721899","potions_obtained":[{"floor":2.0,"key":"DistilledChaos"},{"floor":8.0,"key":"SteroidPotion"},{"floor":14.0,"key":"DistilledChaos"},{"floor":21.0,"key":"EssenceOfSteel"},{"floor":22.0,"key":"SkillPotion"},{"floor":30.0,"key":"BlessingOfTheForge"},{"floor":35,"key":"Fire Potion"},{"floor":40,"key":"GamblersBrew"},{"floor":42,"key":"AttackPotion"},{"floor":45,"key":"BlessingOfTheForge"},{"floor":47,"key":"Fruit Juice"}],"is_trial":false,"path_per_floor":["M","M","?","$","M","E","R","E","T","R","$","E","M","E","R","B",null,"M","?","M","M","M","R","E","$","T","E","R","$","M","?","R","B",null,"M","M","M","M","$","E","R","M","T","M","M","E","M","$","R","B",null],"character_chosen":"IRONCLAD","items_purchased":["HandOfGreed","Sentinel","Feed","OrangePellets","Juggernaut","Discovery","Medical Kit","Infernal Blade"],"campfire_rested":1,"item_purchase_floors":[4,11,11,29,29,29,39,48],"current_hp_per_floor":[80,80,69,69,75,69,69,56,56,56,56,41,50,42,42,38,83,82,82,83,86,79,79,81,81,88,79,79,79,81,81,81,76,96,96,96,93,78,78,81,81,77,77,77,80,94,90,90,127,71],"gold":27,"neow_bonus":"REMOVE_CARD","is_prod":false,"is_daily":false,"chose_seed":false,"campfire_upgraded":7,"win_rate":0,"timestamp":1671042697,"path_taken":["M","M","?","?","M","E","R","E","T","R","$","E","M","E","R","BOSS","M","?","M","M","M","R","E","$","T","E","R","$","M","?","R","BOSS","M","M","M","M","$","E","R","M","T","M","M","E","?","$","R","BOSS"],"build_version":"2022-12-01","purchased_purges":5,"victory":true,"max_hp_per_floor":[80,80,80,80,80,80,80,80,80,80,80,80,83,83,83,83,83,83,83,83,86,86,86,86,86,93,93,93,93,96,96,96,96,96,96,96,99,102,102,105,105,105,105,105,108,122,127,127,127,127],"card_choices":[{"not_picked":["Wild Strike","Clash"],"picked":"Body Slam","floor":1.0},{"not_picked":["Twin Strike","Body Slam"],"picked":"Anger","floor":2.0},{"not_picked":["Corruption","Clothesline"],"picked":"Iron Wave","floor":5.0},{"not_picked":["Havoc","Sentinel"],"picked":"True Grit","floor":6.0},{"not_picked":["Infernal Blade","Wild Strike"],"picked":"Headbutt","floor":8.0},{"not_picked":["Shockwave","Seeing Red"],"picked":"Clothesline","floor":12.0},{"not_picked":["Headbutt","Sentinel","Anger"],"picked":"SKIP","floor":13.0},{"not_picked":["Anger","Headbutt","Perfected Strike"],"picked":"SKIP","floor":14.0},{"not_picked":["Immolate","Demon Form"],"picked":"Offering","floor":16.0},{"not_picked":["Flex","Whirlwind"],"picked":"Second Wind","floor":18.0},{"not_picked":["Clash","Rage","Body Slam"],"picked":"SKIP","floor":20.0},{"not_picked":["Flame Barrier","True Grit"],"picked":"Flex","floor":21.0},{"not_picked":["Sentinel","Clash"],"picked":"Power Through","floor":22.0},{"not_picked":["Body Slam","Second Wind","Iron Wave"],"picked":"SKIP","floor":24.0},{"not_picked":["Rage","Pummel"],"picked":"Metallicize+1","floor":27.0},{"not_picked":["Metallicize+1","Twin Strike"],"picked":"Rage+1","floor":30.0},{"not_picked":["Double Tap","Feed"],"picked":"Exhume","floor":33.0},{"not_picked":["Wild Strike+1","Power Through+1","Fire Breathing+1"],"picked":"SKIP","floor":35},{"not_picked":["Flex+1","Sword Boomerang+1"],"picked":"Cleave+1","floor":36},{"not_picked":["Havoc+1","Twin Strike"],"picked":"Ghostly Armor+1","floor":37},{"not_picked":["Sword Boomerang+1","Rage","Flex+1"],"picked":"SKIP","floor":38},{"not_picked":["Dual Wield","Armaments+1","Carnage+1"],"picked":"SKIP","floor":40},{"not_picked":["Hemokinesis","Combust+1","Twin Strike"],"picked":"SKIP","floor":42},{"not_picked":["Juggernaut+1","Twin Strike","Power Through+1"],"picked":"Dark Embrace+1","floor":44},{"not_picked":["Sentinel+1","True Grit+1","Perfected Strike"],"picked":"Thunderclap","floor":45},{"not_picked":["Bludgeon","Heavy Blade","Pummel+1","Clash+1"],"picked":"SKIP","floor":46},{"not_picked":["Carnage","Thunderclap+1","Uppercut","Clothesline"],"picked":"SKIP","floor":47},{"not_picked":["Iron Wave+1","Headbutt+1","Warcry"],"picked":"Shockwave","floor":49}],"player_experience":1346595,"relics_obtained":[{"floor":6.0,"key":"Thread and Needle"},{"floor":8.0,"key":"Dream Catcher"},{"floor":9.0,"key":"Gremlin Horn"},{"floor":12.0,"key":"Gambling Chip"},{"floor":14.0,"key":"Sundial"},{"floor":24.0,"key":"Mercury Hourglass"},{"floor":26.0,"key":"Strawberry"},{"floor":27.0,"key":"Paper Frog"},{"floor":40,"key":"Frozen Egg 2"},{"floor":43,"key":"Question Card"},{"floor":46,"key":"Mango"}],"event_choices":[{"damage_healed":0.0,"max_hp_gain":0.0,"max_hp_loss":0.0,"gold_gain":75.0,"event_name":"World of Goop","player_choice":"Gather Gold","floor":3.0,"gold_loss":0.0,"damage_taken":11.0},{"cards_removed":["HandOfGreed"],"damage_healed":0.0,"max_hp_gain":0.0,"max_hp_loss":0.0,"gold_gain":0.0,"event_name":"betterNote:BetterNote","player_choice":"Give","floor":19.0,"gold_loss":0.0,"damage_taken":0.0,"cards_obtained":["None"]},{"damage_healed":0.0,"max_hp_gain":0.0,"max_hp_loss":0.0,"gold_gain":0.0,"event_name":"Duplicator","player_choice":"Copied","floor":31.0,"gold_loss":0.0,"damage_taken":0.0,"cards_obtained":["Metallicize"]}],"is_beta":false,"boss_relics":[{"not_picked":["Snecko Eye","Velvet Choker"],"picked":"Runic Pyramid"},{"not_picked":["Runic Cube","Runic Dome"],"picked":"Empty Cage"}],"items_purged_floors":[11,25,29,39,48],"is_endless":false,"potions_floor_spawned":[2,8,14,21,22,30,35,40,42,45,47],"ascension_level":1}