{"gold_per_floor":[12,12,37,37,37,37,81,81,81,81,122,142,161,196,196,316,316,340,340,340,340,360,401,401,422,446,464,477,477],"floor_reached":29,"playtime":1011,"items_purged":[],"score":395,"play_id":"1cc4ea16-2d75-4b1d-b1bd-32ca77a39ecd","local_time":"20221218100156","is_ascension_mode":true,"campfire_choices":[{"data":"Pommel Strike","floor":6.0,"key":"SMITH"},{"data":"Clash","floor":8.0,"key":"SMITH"},{"data":"Carnage","floor":10.0,"key":"SMITH"},{"data":"Infernal Blade","floor":15.0,"key":"SMITH"},{"floor":24,"key":"RECALL"}],"neow_cost":"NO_GOLD","seed_source_timestamp":164025039012000,"circlet_count":0,"master_deck":["AscendersBane","Strike_R","Strike_R","Strike_R","Strike_R","Defend_R","Defend_R","Defend_R","Bash","True Grit+1","Clash+1","Pommel Strike+1","Iron Wave","Carnage+1","Headbutt","Flame Barrier","Flex","Infernal Blade+1","Corruption+1","Ghostly Armor","Scrawl","Evolve+1","Anger","Juggernaut+1","Spot Weakness"],"special_seed":0,"relics":["Burning Blood","Golden Idol","Frozen Egg 2","Mercury Hourglass","Strawberry","SacredBark","Nloth\u0027s Gift","Akabeko"],"potions_floor_usage":[23],"damage_taken":[{"damage":0.0,"enemies":"Cultist","floor":1.0,"turns":4.0},{"damage":10.0,"enemies":"Small Slimes","floor":3.0,"turns":4.0},{"damage":15.0,"enemies":"Lagavulin","floor":7.0,"turns":7.0},{"damage":6.0,"enemies":"3 Sentries","floor":11.0,"turns":5.0},{"damage":0.0,"enemies":"2 Louse","floor":12.0,"turns":2.0},{"damage":4.0,"enemies":"Lots of Slimes","floor":13.0,"turns":2.0},{"damage":11.0,"enemies":"Gremlin Nob","floor":14.0,"turns":3.0},{"damage":25.0,"enemies":"The Guardian","floor":16.0,"turns":10.0},{"damage":11.0,"enemies":"Spheric Guardian","floor":18.0,"turns":3.0},{"damage":12.0,"enemies":"Chosen","floor":22.0,"turns":5.0},{"damage":18,"enemies":"Slavers","floor":23,"turns":4},{"damage":6,"enemies":"Snecko","floor":25,"turns":4},{"damage":2,"enemies":"Snake Plant","floor":27,"turns":2},{"damage":15,"enemies":"Centurion and Healer","floor":28,"turns":4},{"damage":53,"enemies":"Masked Bandits","floor":29,"turns":3}],"seed_played":"-7460692718235138293","potions_obtained":[{"floor":3.0,"key":"Dexterity Potion"},{"floor":7.0,"key":"FearPotion"},{"floor":13.0,"key":"Fire Potion"},{"floor":16.0,"key":"DistilledChaos"},{"floor":18.0,"key":"FearPotion"}],"is_trial":false,"path_per_floor":["M","?","M","$","?","R","E","R","T","R","E","M","M","E","R","B",null,"M","?","?","?","M","E","R","M","T","M","M","?"],"character_chosen":"IRONCLAD","items_purchased":[],"campfire_rested":0,"item_purchase_floors":[],"current_hp_per_floor":[78,58,54,54,54,54,45,45,45,45,52,58,60,55,55,41,76,76,76,76,76,70,58,58,58,58,62,53,0],"gold":477,"neow_bonus":"TRANSFORM_TWO_CARDS","is_prod":false,"is_daily":false,"chose_seed":false,"campfire_upgraded":4,"win_rate":0,"timestamp":1671375716,"path_taken":["M","?","M","$","?","R","E","R","T","R","E","?","M","E","R","BOSS","M","?","?","?","M","E","R","M","T","M","?","?"],"build_version":"2022-12-01","purchased_purges":0,"victory":false,"max_hp_per_floor":[80,80,80,80,80,80,80,80,80,80,87,87,87,87,87,87,87,87,87,87,87,87,87,87,87,87,87,87,87],"card_choices":[{"not_picked":["Sword Boomerang","Whirlwind"],"picked":"Pommel Strike","floor":1.0},{"not_picked":["Intimidate","Pummel"],"picked":"Iron Wave","floor":3.0},{"not_picked":["Dropkick","Headbutt"],"picked":"Carnage","floor":7.0},{"not_picked":["Heavy Blade","Twin Strike"],"picked":"Headbutt","floor":11.0},{"not_picked":["Twin Strike","Sword Boomerang"],"picked":"Flame Barrier","floor":12.0},{"not_picked":["Limit Break","Shockwave"],"picked":"Flex","floor":13.0},{"not_picked":["Headbutt","Armaments"],"picked":"Infernal Blade","floor":14.0},{"not_picked":["Double Tap","Immolate"],"picked":"Corruption+1","floor":16.0},{"not_picked":["Havoc","Entrench"],"picked":"Ghostly Armor","floor":18.0},{"not_picked":["Blood for Blood+1","Thunderclap"],"picked":"Evolve+1","floor":22.0},{"not_picked":["Warcry+1","Headbutt"],"picked":"Anger","floor":23},{"not_picked":["Pummel","Cleave+1","Carnage"],"picked":"SKIP","floor":25},{"not_picked":["Feed","Headbutt"],"picked":"Juggernaut+1","floor":27},{"not_picked":["Headbutt","Warcry"],"picked":"Spot Weakness","floor":28}],"player_experience":1403406,"relics_obtained":[{"floor":7.0,"key":"Frozen Egg 2"},{"floor":9.0,"key":"Mercury Hourglass"},{"floor":11.0,"key":"Strawberry"},{"floor":14.0,"key":"Toy Ornithopter"},{"floor":23,"key":"Akabeko"}],"event_choices":[{"damage_healed":0.0,"max_hp_gain":0.0,"max_hp_loss":0.0,"gold_gain":0.0,"event_name":"Golden Idol","player_choice":"Take Damage","floor":2.0,"gold_loss":0.0,"damage_taken":20.0,"relics_obtained":["Golden Idol"]},{"damage_healed":0.0,"max_hp_gain":0.0,"max_hp_loss":0.0,"gold_gain":0.0,"event_name":"Upgrade Shrine","player_choice":"Upgraded","floor":5.0,"gold_loss":0.0,"damage_taken":0.0,"cards_upgraded":["True Grit"]},{"damage_healed":0.0,"max_hp_gain":0.0,"max_hp_loss":0.0,"gold_gain":0.0,"event_name":"betterNote:BetterNote","player_choice":"Take","floor":19.0,"gold_loss":0.0,"damage_taken":0.0,"cards_obtained":["Scrawl"]},{"damage_healed":0.0,"max_hp_gain":0.0,"max_hp_loss":0.0,"gold_gain":0.0,"event_name":"Ghosts","player_choice":"Ignored","floor":20.0,"gold_loss":0.0,"damage_taken":0.0},{"damage_healed":0.0,"max_hp_gain":0.0,"max_hp_loss":0.0,"gold_gain":0.0,"event_name":"N\u0027loth","player_choice":"Traded Relic","floor":21.0,"relics_lost":["Toy Ornithopter"],"gold_loss":0.0,"damage_taken":0.0,"relics_obtained":["Nloth\u0027s Gift"]},{"damage_healed":0,"gold_gain":0,"player_choice":"Fought Bandits","damage_taken":0,"max_hp_gain":0,"max_hp_loss":0,"event_name":"Masked Bandits","floor":29,"gold_loss":0}],"is_beta":false,"boss_relics":[{"not_picked":["Pandora\u0027s Box","Velvet Choker"],"picked":"SacredBark"}],"items_purged_floors":[],"is_endless":false,"potions_floor_spawned":[3,7,13,16,18],"killed_by":"Masked Bandits","ascension_level":10}