{"gold_per_floor":[114,127,127,138,8,42,42,67,67,67,142,142,477,489,489,584,584,600,570,13,32,51,51,82,82,135,135,135,148,181,195,195,292,292,303,403,420,438,438,470,470,484,484,519,519,545,51,64,64,64,64,64,23,49,49],"floor_reached":55,"playtime":2957,"items_purged":["Defend_R","Strike_R"],"score":1170,"play_id":"0b08d767-c64f-4eaa-a266-fa4ea0b657f3","local_time":"20221218001847","is_ascension_mode":true,"campfire_choices":[{"data":"Metallicize","floor":7.0,"key":"SMITH"},{"floor":12.0,"key":"REST"},{"floor":15.0,"key":"REST"},{"data":"Rupture","floor":23.0,"key":"SMITH"},{"floor":25.0,"key":"REST"},{"data":"Blood for Blood","floor":28.0,"key":"SMITH"},{"data":"True Grit","floor":32,"key":"SMITH"},{"floor":41,"key":"RECALL"},{"data":"Barricade","floor":45,"key":"SMITH"},{"data":"Feel No Pain","floor":49,"key":"SMITH"},{"data":"Immolate","floor":52,"key":"SMITH"}],"neow_cost":"NONE","seed_source_timestamp":127014354702900,"circlet_count":0,"master_deck":["AscendersBane","Strike_R","Strike_R+1","Strike_R+1","Strike_R","Defend_R","Defend_R","Defend_R","Bash","Evolve","Thunderclap","Flex","Hemokinesis","Shrug It Off","Metallicize+1","Blood for Blood+1","Rupture+1","Pommel Strike","Immolate+1","Feel No Pain+1","True Grit+1","Fiend Fire+1","Spot Weakness+1","Wraith Form v2+1","Reaper+1","Barricade+1","Infernal Blade+1","Bloodletting+1","Dark Embrace+1","Offering","Hemokinesis+1"],"special_seed":0,"relics":["Burning Blood","NeowsBlessing","Matryoshka","Self Forming Clay","Orichalcum","Meat on the Bone","Oddly Smooth Stone","Old Coin","Runic Pyramid","HandDrill","Molten Egg 2","White Beast Statue","The Courier","Strawberry","Turnip","SlaversCollar","Bottled Flame","Ancient Tea Set","Darkstone Periapt","OrangePellets","Vajra","Bag of Marbles","Magic Flower"],"potions_floor_usage":[30,33,33,33,35,37,42,42,44,46,50,50,50,54,55],"damage_taken":[{"damage":0.0,"enemies":"Small Slimes","floor":1.0,"turns":1.0},{"damage":0.0,"enemies":"2 Louse","floor":2.0,"turns":2.0},{"damage":0.0,"enemies":"Jaw Worm","floor":4.0,"turns":1.0},{"damage":34.0,"enemies":"Lagavulin","floor":6.0,"turns":5.0},{"damage":27.0,"enemies":"3 Sentries","floor":8.0,"turns":7.0},{"damage":12.0,"enemies":"Lagavulin","floor":13.0,"turns":5.0},{"damage":27.0,"enemies":"Exordium Thugs","floor":14.0,"turns":5.0},{"damage":28.0,"enemies":"The Guardian","floor":16.0,"turns":12.0},{"damage":19.0,"enemies":"Chosen","floor":18.0,"turns":6.0},{"damage":3.0,"enemies":"3 Byrds","floor":21.0,"turns":2.0},{"damage":31.0,"enemies":"Sentry and Sphere","floor":22.0,"turns":6.0},{"damage":43.0,"enemies":"Book of Stabbing","floor":24.0,"turns":7.0},{"damage":12.0,"enemies":"Cultist and Chosen","floor":29.0,"turns":4.0},{"damage":39,"enemies":"Gremlin Leader","floor":30,"turns":7},{"damage":14,"enemies":"Snake Plant","floor":31,"turns":3},{"damage":48,"enemies":"Champ","floor":33,"turns":8},{"damage":40,"enemies":"3 Darklings","floor":35,"turns":8},{"damage":9,"enemies":"3 Shapes","floor":37,"turns":4},{"damage":36,"enemies":"3 Darklings","floor":38,"turns":7},{"damage":21,"enemies":"Nemesis","floor":40,"turns":9},{"damage":22,"enemies":"Sphere and 2 Shapes","floor":42,"turns":6},{"damage":49,"enemies":"Reptomancer","floor":44,"turns":6},{"damage":10,"enemies":"Nemesis","floor":46,"turns":7},{"damage":2,"enemies":"Transient","floor":48,"turns":5},{"damage":46,"enemies":"Awakened One","floor":50,"turns":8},{"damage":90,"enemies":"Shield and Spear","floor":54,"turns":6},{"damage":48,"enemies":"The Heart","floor":55,"turns":2}],"seed_played":"-7948928484974971951","potions_obtained":[{"floor":2.0,"key":"FearPotion"},{"floor":13.0,"key":"Regen Potion"},{"floor":18.0,"key":"BlessingOfTheForge"},{"floor":19.0,"key":"LiquidMemories"},{"floor":19.0,"key":"BloodPotion"},{"floor":24.0,"key":"CultistPotion"},{"floor":29.0,"key":"BloodPotion"},{"floor":30,"key":"LiquidMemories"},{"floor":31,"key":"FearPotion"},{"floor":33,"key":"Energy Potion"},{"floor":35,"key":"ColorlessPotion"},{"floor":37,"key":"SpeedPotion"},{"floor":38,"key":"Ancient Potion"},{"floor":40,"key":"Swift Potion"},{"floor":42,"key":"Dexterity Potion"},{"floor":44,"key":"Swift Potion"},{"floor":46,"key":"PowerPotion"},{"floor":48,"key":"Strength Potion"},{"floor":54,"key":"Dexterity Potion"}],"is_trial":false,"path_per_floor":["M","M","?","M","$","E","R","E","T","?","?","R","E","M","R","B",null,"M","?","$","M","M","R","E","R","T","?","R","M","E","M","R","B",null,"M","?","M","M","?","E","R","M","T","E","R","E","$","M","R","B",null,"R","$","E","B"],"character_chosen":"IRONCLAD","items_purchased":["Hemokinesis","Shrug It Off","Feel No Pain","HandDrill","Molten Egg 2","OrangePellets","Vajra","Bag of Marbles","Offering","ColorlessPotion"],"campfire_rested":3,"item_purchase_floors":[5,5,20,20,20,47,47,47,47,53],"current_hp_per_floor":[78,80,64,70,70,42,42,21,21,14,3,27,33,38,62,52,73,60,76,76,79,54,54,29,53,60,60,60,54,50,54,54,40,75,63,63,86,74,74,72,72,56,56,47,47,52,52,66,66,59,80,80,80,40,0],"gold":49,"neow_bonus":"THREE_ENEMY_KILL","is_prod":false,"is_daily":false,"chose_seed":false,"campfire_upgraded":7,"win_rate":0,"timestamp":1671340727,"path_taken":["M","M","?","M","$","E","R","E","T","?","?","R","E","?","R","BOSS","M","?","$","M","M","R","E","R","T","?","R","?","E","M","R","BOSS","M","?","?","M","?","E","R","M","T","E","R","E","$","M","R","BOSS","R","$","E","BOSS"],"build_version":"2022-12-01","purchased_purges":2,"victory":false,"max_hp_per_floor":[80,80,80,80,80,80,80,80,80,80,80,80,80,80,80,80,80,80,80,80,80,80,80,80,80,87,87,87,87,87,87,87,87,87,87,87,87,87,87,87,87,87,87,87,87,87,87,87,87,87,87,87,87,87,87],"card_choices":[{"not_picked":["Clothesline","Sword Boomerang"],"picked":"Evolve","floor":1.0},{"not_picked":["Iron Wave","Pommel Strike"],"picked":"Thunderclap","floor":2.0},{"not_picked":["Infernal Blade","Power Through"],"picked":"Flex","floor":4.0},{"not_picked":["Evolve","Sentinel"],"picked":"Metallicize","floor":6.0},{"not_picked":["Fiend Fire","Rampage"],"picked":"Blood for Blood","floor":8.0},{"not_picked":["Wild Strike","Thunderclap"],"picked":"Rupture","floor":13.0},{"not_picked":["Dropkick","Armaments"],"picked":"Pommel Strike","floor":14.0},{"not_picked":["Feed","Brutality"],"picked":"Immolate","floor":16.0},{"not_picked":["Pommel Strike","Flex","Clothesline"],"picked":"SKIP","floor":18.0},{"not_picked":["Double Tap","Dropkick+1"],"picked":"True Grit","floor":21.0},{"not_picked":["Twin Strike+1","Clothesline+1"],"picked":"Fiend Fire+1","floor":22.0},{"not_picked":["Searing Blow+1","Clothesline+1"],"picked":"Spot Weakness+1","floor":24.0},{"not_picked":["Warcry","True Grit+1","Pommel Strike+1"],"picked":"SKIP","floor":29.0},{"not_picked":["Wild Strike+1","Perfected Strike+1"],"picked":"Reaper+1","floor":30},{"not_picked":["True Grit+1","Sword Boomerang+1","Havoc"],"picked":"SKIP","floor":31},{"not_picked":["Exhume","Bludgeon+1"],"picked":"Barricade","floor":33},{"not_picked":["Anger+1","Flex+1","Rupture"],"picked":"SKIP","floor":35},{"not_picked":["Shrug It Off+1","Carnage+1","Clothesline+1"],"picked":"SKIP","floor":37},{"not_picked":["Anger+1","Havoc","Shrug It Off+1"],"picked":"SKIP","floor":38},{"not_picked":["Flex","Havoc+1"],"picked":"Infernal Blade+1","floor":40},{"not_picked":["Warcry+1","True Grit"],"picked":"Bloodletting+1","floor":42},{"not_picked":["Clash+1","Thunderclap+1","Dropkick+1"],"picked":"SKIP","floor":44},{"not_picked":["Sentinel+1","Fire Breathing"],"picked":"Dark Embrace+1","floor":46},{"not_picked":["Pommel Strike+1","Sword Boomerang+1"],"picked":"Hemokinesis+1","floor":48},{"not_picked":["Cleave+1","Immolate+1","True Grit"],"picked":"SKIP","floor":54}],"player_experience":1395869,"relics_obtained":[{"floor":6.0,"key":"Matryoshka"},{"floor":8.0,"key":"Self Forming Clay"},{"floor":9.0,"key":"Orichalcum"},{"floor":9.0,"key":"Meat on the Bone"},{"floor":13.0,"key":"Old Coin"},{"floor":24.0,"key":"White Beast Statue"},{"floor":26.0,"key":"The Courier"},{"floor":26.0,"key":"Strawberry"},{"floor":30,"key":"Turnip"},{"floor":40,"key":"Bottled Flame"},{"floor":44,"key":"Ancient Tea Set"},{"floor":46,"key":"Darkstone Periapt"},{"floor":54,"key":"Magic Flower"}],"event_choices":[{"damage_healed":0.0,"max_hp_gain":0.0,"max_hp_loss":0.0,"gold_gain":0.0,"event_name":"Shining Light","player_choice":"Entered Light","floor":3.0,"gold_loss":0.0,"damage_taken":16.0,"cards_upgraded":["Strike_R","Strike_R"]},{"damage_healed":0.0,"max_hp_gain":0.0,"max_hp_loss":0.0,"gold_gain":0.0,"event_name":"Scrap Ooze","player_choice":"Success","floor":10.0,"gold_loss":0.0,"damage_taken":7.0,"relics_obtained":["Oddly Smooth Stone"]},{"damage_healed":0.0,"max_hp_gain":0.0,"max_hp_loss":0.0,"gold_gain":75.0,"event_name":"World of Goop","player_choice":"Gather Gold","floor":11.0,"gold_loss":0.0,"damage_taken":11.0},{"damage_healed":0.0,"max_hp_gain":0.0,"max_hp_loss":0.0,"gold_gain":0.0,"event_name":"The Woman in Blue","player_choice":"Bought 2 Potions","floor":19.0,"gold_loss":0.0,"damage_taken":0.0},{"cards_removed":["Fiend Fire"],"damage_healed":0.0,"max_hp_gain":0.0,"max_hp_loss":0.0,"gold_gain":0.0,"event_name":"betterNote:BetterNote","player_choice":"Take \u0026 Give","floor":27.0,"gold_loss":0.0,"damage_taken":0.0,"cards_obtained":["Wraith Form v2"]},{"damage_healed":0,"gold_gain":100,"player_choice":"Pray","damage_taken":0,"max_hp_gain":0,"max_hp_loss":0,"event_name":"Golden Shrine","floor":36,"gold_loss":0},{"damage_healed":0,"gold_gain":0,"player_choice":"Forge","damage_taken":0,"max_hp_gain":0,"max_hp_loss":0,"event_name":"Accursed Blacksmith","floor":39,"gold_loss":0,"cards_upgraded":["Wraith Form v2"]}],"is_beta":false,"boss_relics":[{"not_picked":["Busted Crown","Ectoplasm"],"picked":"Runic Pyramid"},{"not_picked":["Black Star","SacredBark"],"picked":"SlaversCollar"}],"items_purged_floors":[20,47],"is_endless":false,"potions_floor_spawned":[2,13,18,24,29,30,31,33,35,37,38,40,42,44,46,48,54],"killed_by":"The Heart","ascension_level":10}