{"gold_per_floor":[119,119,133,133,7,39,58,85,108,26,36,66,66,81,81,177,177,196,106,106,69,87,87,117,117,191,191,207,241,14,14,14,116,116,130,130,130,130,145,145,170,183,207,31,81,95,121,131,131,131],"floor_reached":51,"playtime":2695,"items_purged":["Clothesline+1","Clash"],"score":1204,"play_id":"6322d05b-b895-497d-a073-662747633884","local_time":"20221215103110","is_ascension_mode":true,"campfire_choices":[{"data":"Dark Embrace","floor":13.0,"key":"SMITH"},{"data":"Anger","floor":15.0,"key":"SMITH"},{"data":"Apotheosis","floor":23,"key":"SMITH"},{"data":"True Grit","floor":25,"key":"SMITH"},{"data":"Corruption","floor":27,"key":"SMITH"},{"data":"Anger","floor":32,"key":"SMITH"},{"floor":40,"key":"REST"},{"floor":49,"key":"REST"}],"neow_cost":"TEN_PERCENT_HP_LOSS","seed_source_timestamp":113277331059700,"circlet_count":0,"master_deck":["Defend_R","Defend_R","Defend_R","Defend_R","Bash+1","Corruption+1","Armaments+1","Evolve","Feel No Pain","Warcry","Seeing Red","Dark Embrace+1","Immolate+1","Combust","Warcry","Bloodletting","Anger+1","Reaper+1","Fiend Fire+1","Ghostly Armor+1","Power Through+1","Apotheosis+1","Ghostly Armor","Fire Breathing+1","True Grit+1","Rampage","Fire Breathing","Shrug It Off","Anger+1","Juggernaut","Mind Blast","Madness","Madness","Body Slam+1","Seeing Red+1","Flame Barrier","Flame Barrier+1","Shrug It Off+1","Infernal Blade+1"],"special_seed":0,"relics":["Burning Blood","Lantern","Bag of Preparation","Regal Pillow","Strawberry","Astrolabe","Singing Bowl","Mercury Hourglass","Orichalcum","Mark of Pain","Whetstone","Bronze Scales","Ginger","Vajra"],"potions_floor_usage":[22,29,41,45,47],"damage_taken":[{"damage":10.0,"enemies":"2 Louse","floor":1.0,"turns":4.0},{"damage":5.0,"enemies":"Cultist","floor":3.0,"turns":4.0},{"damage":27.0,"enemies":"3 Sentries","floor":6.0,"turns":9.0},{"damage":7.0,"enemies":"Small Slimes","floor":7.0,"turns":4.0},{"damage":0.0,"enemies":"Lagavulin","floor":8.0,"turns":7.0},{"damage":11.0,"enemies":"Blue Slaver","floor":11.0,"turns":3.0},{"damage":1.0,"enemies":"Gremlin Nob","floor":12.0,"turns":2.0},{"damage":9.0,"enemies":"Red Slaver","floor":14.0,"turns":3.0},{"damage":64.0,"enemies":"The Guardian","floor":16.0,"turns":8.0},{"damage":5.0,"enemies":"Spheric Guardian","floor":18.0,"turns":3.0},{"damage":9,"enemies":"Shell Parasite","floor":22,"turns":5},{"damage":8,"enemies":"Book of Stabbing","floor":24,"turns":4},{"damage":14,"enemies":"Snake Plant","floor":28,"turns":3},{"damage":5,"enemies":"Gremlin Leader","floor":29,"turns":5},{"damage":26,"enemies":"Collector","floor":33,"turns":6},{"damage":30,"enemies":"3 Darklings","floor":35,"turns":3},{"damage":34,"enemies":"Orb Walker","floor":39,"turns":5},{"damage":6,"enemies":"Giant Head","floor":41,"turns":5},{"damage":31,"enemies":"Writhing Mass","floor":42,"turns":4},{"damage":3,"enemies":"Mind Bloom Boss Battle","floor":45,"turns":3},{"damage":9,"enemies":"4 Shapes","floor":46,"turns":3},{"damage":0,"enemies":"Nemesis","floor":47,"turns":3},{"damage":0,"enemies":"Maw","floor":48,"turns":5},{"damage":15,"enemies":"Time Eater","floor":50,"turns":6}],"seed_played":"-2655484963299845822","potions_obtained":[{"floor":6.0,"key":"SteroidPotion"},{"floor":8.0,"key":"SpeedPotion"},{"floor":11.0,"key":"Regen Potion"},{"floor":12.0,"key":"DuplicationPotion"},{"floor":18.0,"key":"BloodPotion"},{"floor":24,"key":"Explosive Potion"},{"floor":39,"key":"Swift Potion"},{"floor":42,"key":"GamblersBrew"},{"floor":46,"key":"AttackPotion"},{"floor":48,"key":"Energy Potion"}],"is_trial":false,"path_per_floor":["M","?","M","?","$","E","M","E","T","$","M","E","R","M","R","B",null,"M","?","?","$","M","R","E","R","T","R","M","E","$","$","R","B",null,"M","?","?","?","M","R","E","M","T","$","?","M","E","M","R","B",null],"character_chosen":"IRONCLAD","items_purchased":["Feel No Pain","Warcry","Clash","Combust","Ghostly Armor","Fire Breathing","Shrug It Off","Anger","Flame Barrier"],"campfire_rested":2,"item_purchase_floors":[5,5,10,10,21,30,30,30,44],"current_hp_per_floor":[68,68,69,69,69,48,47,53,53,53,48,69,69,66,66,8,61,62,62,62,62,74,74,72,72,72,72,64,81,81,81,81,67,78,61,58,58,47,24,64,72,49,49,49,52,51,62,74,89,86],"gold":131,"neow_bonus":"THREE_RARE_CARDS","is_prod":false,"is_daily":false,"chose_seed":false,"campfire_upgraded":6,"win_rate":0,"timestamp":1671118270,"path_taken":["M","?","M","?","$","E","M","E","T","$","?","E","R","M","R","BOSS","M","?","?","$","?","R","E","R","T","R","M","E","?","$","R","BOSS","M","?","?","?","M","R","E","M","T","$","?","M","E","M","R","BOSS"],"build_version":"2022-12-01","purchased_purges":2,"victory":true,"max_hp_per_floor":[72,72,72,72,72,72,72,72,72,72,72,79,79,79,79,79,79,79,79,79,79,79,79,79,79,79,79,79,81,81,81,81,81,81,83,85,85,85,85,85,87,87,87,87,87,89,89,89,89,89],"card_choices":[{"not_picked":["Brutality","Berserk"],"picked":"Corruption","floor":0.0},{"not_picked":["Twin Strike","Clothesline"],"picked":"Armaments","floor":1.0},{"not_picked":["Power Through","Perfected Strike"],"picked":"Evolve","floor":3.0},{"not_picked":["Cleave","Heavy Blade"],"picked":"Seeing Red","floor":6.0},{"not_picked":["Clothesline","Metallicize"],"picked":"Dark Embrace","floor":7.0},{"not_picked":["Metallicize","Cleave"],"picked":"Immolate","floor":8.0},{"not_picked":["Flex","Sword Boomerang"],"picked":"Warcry","floor":11.0},{"not_picked":["Dropkick","Carnage"],"picked":"Bloodletting","floor":12.0},{"not_picked":["Sever Soul","Blood for Blood"],"picked":"Anger","floor":14.0},{"not_picked":["Offering","Double Tap"],"picked":"Reaper","floor":16.0},{"not_picked":["Headbutt+1","Reckless Charge"],"picked":"Power Through+1","floor":18.0},{"not_picked":["Heavy Blade","Flex"],"picked":"Fire Breathing+1","floor":22},{"not_picked":["Reckless Charge+1","Warcry"],"picked":"True Grit","floor":24},{"not_picked":["Brutality","Anger"],"picked":"Rampage","floor":28},{"not_picked":["Burning Pact","Heavy Blade","Perfected Strike"],"picked":"Singing Bowl","floor":29},{"not_picked":["Limit Break","Feed"],"picked":"Juggernaut","floor":33},{"not_picked":["Twin Strike+1","Rampage","Ghostly Armor"],"picked":"Singing Bowl","floor":35},{"not_picked":["Madness","Good Instincts"],"picked":"Mind Blast","floor":36},{"not_picked":["Good Instincts","Mind Blast","The Bomb"],"picked":"Singing Bowl","floor":36},{"not_picked":["Clash","Anger"],"picked":"Body Slam+1","floor":39},{"not_picked":["Searing Blow","Sword Boomerang+1","Feed"],"picked":"Singing Bowl","floor":41},{"not_picked":["Rampage","Wild Strike+1"],"picked":"Seeing Red+1","floor":42},{"not_picked":["Body Slam","Bloodletting"],"picked":"Flame Barrier+1","floor":45},{"not_picked":["Anger+1","Thunderclap","Wild Strike+1"],"picked":"Singing Bowl","floor":46},{"not_picked":["Reckless Charge","Body Slam+1"],"picked":"Shrug It Off+1","floor":47},{"not_picked":["Pommel Strike","Sword Boomerang"],"picked":"Infernal Blade+1","floor":48}],"player_experience":1364149,"relics_obtained":[{"floor":6.0,"key":"Lantern"},{"floor":8.0,"key":"Bag of Preparation"},{"floor":9.0,"key":"Regal Pillow"},{"floor":12.0,"key":"Strawberry"},{"floor":24,"key":"Singing Bowl"},{"floor":26,"key":"Mercury Hourglass"},{"floor":29,"key":"Orichalcum"},{"floor":41,"key":"Whetstone"},{"floor":43,"key":"Bronze Scales"},{"floor":45,"key":"Ginger"},{"floor":47,"key":"Vajra"}],"event_choices":[{"damage_healed":0.0,"max_hp_gain":0.0,"max_hp_loss":0.0,"gold_gain":0.0,"event_name":"Living Wall","player_choice":"Grow","floor":2.0,"gold_loss":0.0,"damage_taken":0.0,"cards_upgraded":["Armaments"]},{"cards_removed":["Strike_R"],"damage_healed":0.0,"max_hp_gain":0.0,"max_hp_loss":0.0,"gold_gain":0.0,"event_name":"Purifier","player_choice":"Purged","floor":4.0,"gold_loss":0.0,"damage_taken":0.0},{"cards_removed":["Strike_R"],"damage_healed":0.0,"max_hp_gain":0.0,"max_hp_loss":0.0,"gold_gain":0.0,"event_name":"Designer","player_choice":"Upgrade and Remove","floor":19.0,"gold_loss":90.0,"damage_taken":0.0,"cards_upgraded":["Immolate"]},{"cards_removed":["Corruption"],"damage_healed":0.0,"max_hp_gain":0.0,"max_hp_loss":0.0,"gold_gain":0.0,"event_name":"betterNote:BetterNote","player_choice":"Take \u0026 Give","floor":20.0,"gold_loss":0.0,"damage_taken":0.0,"cards_obtained":["Apotheosis"]},{"damage_healed":0,"gold_gain":0,"player_choice":"Memory 2","damage_taken":5,"max_hp_gain":0,"max_hp_loss":0,"event_name":"SensoryStone","floor":36,"gold_loss":0},{"damage_healed":0,"gold_gain":0,"player_choice":"Ignored","damage_taken":0,"max_hp_gain":0,"max_hp_loss":0,"event_name":"Tomb of Lord Red Mask","floor":37,"gold_loss":0},{"damage_healed":0,"gold_gain":0,"player_choice":"Embrace Madness","damage_taken":11,"max_hp_gain":0,"max_hp_loss":0,"event_name":"Winding Halls","floor":38,"gold_loss":0,"cards_obtained":["Madness","Madness"]},{"damage_healed":0,"gold_gain":0,"player_choice":"Fight","damage_taken":0,"max_hp_gain":0,"max_hp_loss":0,"event_name":"MindBloom","floor":45,"gold_loss":0}],"is_beta":false,"boss_relics":[{"not_picked":["Sozu","Tiny House"],"picked":"Astrolabe"},{"not_picked":["SlaversCollar","Fusion Hammer"],"picked":"Mark of Pain"}],"items_purged_floors":[30,44],"is_endless":false,"potions_floor_spawned":[6,8,11,12,18,24,39,42,46,48],"ascension_level":7}