{"gold_per_floor":[116,116,136,33,46,46,81,105,105,105,105,139,154,11,11,11],"floor_reached":16,"playtime":394,"items_purged":["Strike_R"],"score":162,"play_id":"95817071-f2f9-4d0d-a310-eee04911b5c4","local_time":"20221218212551","is_ascension_mode":true,"campfire_choices":[{"data":"True Grit","floor":6.0,"key":"SMITH"},{"data":"Dark Embrace","floor":10.0,"key":"SMITH"},{"data":"Rupture","floor":15.0,"key":"SMITH"}],"neow_cost":"NONE","seed_source_timestamp":205651179789700,"circlet_count":0,"master_deck":["AscendersBane","Strike_R","Strike_R+1","Strike_R","Defend_R","Defend_R","Defend_R","Defend_R","Bash","Rampage+1","Infernal Blade","Hemokinesis","True Grit+1","Headbutt","Dark Embrace+1","Shrug It Off","Rupture+1"],"special_seed":0,"relics":["Burning Blood","NeowsBlessing","CeramicFish","Tiny Chest","Whetstone","Juzu Bracelet","Art of War"],"potions_floor_usage":[],"damage_taken":[{"damage":0.0,"enemies":"2 Louse","floor":1.0,"turns":1.0},{"damage":0.0,"enemies":"Jaw Worm","floor":3.0,"turns":1.0},{"damage":0.0,"enemies":"Small Slimes","floor":5.0,"turns":1.0},{"damage":15.0,"enemies":"3 Sentries","floor":7.0,"turns":7.0},{"damage":32.0,"enemies":"Lagavulin","floor":12.0,"turns":6.0},{"damage":7.0,"enemies":"3 Louse","floor":13.0,"turns":3.0},{"damage":34,"enemies":"Slime Boss","floor":16,"turns":5}],"seed_played":"2678776647433002230","potions_obtained":[{"floor":5.0,"key":"Block Potion"}],"is_trial":false,"path_per_floor":["M","?","M","$","M","R","E","T","T","R","?","E","M","$","R","B"],"character_chosen":"IRONCLAD","items_purchased":["Hemokinesis","True Grit","Rupture"],"campfire_rested":0,"item_purchase_floors":[4,4,14],"current_hp_per_floor":[78,71,77,77,80,80,71,71,71,71,68,42,41,41,41,7],"gold":11,"neow_bonus":"THREE_ENEMY_KILL","is_prod":false,"is_daily":false,"chose_seed":false,"campfire_upgraded":3,"win_rate":0,"timestamp":1671416751,"path_taken":["M","?","M","$","M","R","E","?","T","R","?","E","M","$","R","BOSS"],"build_version":"2022-12-01","purchased_purges":1,"victory":false,"max_hp_per_floor":[80,80,80,80,80,80,80,80,80,80,80,80,80,80,80,80],"card_choices":[{"not_picked":["Flex","Pommel Strike"],"picked":"Rampage","floor":1.0},{"not_picked":["Headbutt","Perfected Strike"],"picked":"Infernal Blade","floor":3.0},{"not_picked":["True Grit","Flame Barrier"],"picked":"Headbutt","floor":5.0},{"not_picked":["Seeing Red","Warcry"],"picked":"Dark Embrace","floor":7.0},{"not_picked":["Body Slam","Battle Trance"],"picked":"Shrug It Off","floor":12.0},{"not_picked":["Seeing Red","Pummel","Bloodletting"],"picked":"SKIP","floor":13.0}],"player_experience":851968,"relics_obtained":[{"floor":7.0,"key":"CeramicFish"},{"floor":8.0,"key":"Tiny Chest"},{"floor":9.0,"key":"Whetstone"},{"floor":12.0,"key":"Art of War"}],"event_choices":[{"cards_removed":["Strike_R"],"damage_healed":0.0,"max_hp_gain":0.0,"max_hp_loss":0.0,"gold_gain":0.0,"event_name":"Golden Wing","player_choice":"Card Removal","floor":2.0,"gold_loss":0.0,"damage_taken":7.0},{"damage_healed":0.0,"max_hp_gain":0.0,"max_hp_loss":0.0,"gold_gain":0.0,"event_name":"Scrap Ooze","player_choice":"Success","floor":11.0,"gold_loss":0.0,"damage_taken":3.0,"relics_obtained":["Juzu Bracelet"]}],"is_beta":false,"boss_relics":[],"items_purged_floors":[14],"is_endless":false,"potions_floor_spawned":[5],"killed_by":"Slime Boss","ascension_level":10}