{"gold_per_floor":[113,131,131,141,157,157,3,30,30,30,41,74,74,109,109,214,214,233,233,248,262,72,72,72,72,120,120,120,120,140,156,156,156],"floor_reached":33,"playtime":1172,"items_purged":[],"score":435,"play_id":"2cdaa09c-03ba-4c99-bbd6-59aff2d266f8","local_time":"20221218214550","is_ascension_mode":true,"campfire_choices":[{"data":"Flex","floor":6.0,"key":"SMITH"},{"data":"Infernal Blade","floor":10.0,"key":"SMITH"},{"data":"Carnage","floor":15.0,"key":"SMITH"},{"floor":23.0,"key":"REST"},{"data":"Apotheosis","floor":25.0,"key":"SMITH"},{"data":"Shockwave","floor":27.0,"key":"SMITH"},{"data":"Impervious","floor":29.0,"key":"SMITH"},{"floor":32.0,"key":"REST"}],"neow_cost":"NONE","seed_source_timestamp":206158453556300,"circlet_count":0,"master_deck":["AscendersBane","Strike_R","Strike_R","Strike_R","Strike_R","Defend_R","Defend_R","Defend_R","Bash","Carnage+1","Headbutt","Shockwave+1","Flex+1","Impervious+1","Infernal Blade+1","Burning Pact","Corruption","Power Through","Ghostly Armor+1","Flex+1","Apotheosis+1","Body Slam"],"special_seed":0,"relics":["Burning Blood","Sundial","Paper Frog","Akabeko","Unceasing Top","Black Star","Ancient Tea Set"],"potions_floor_usage":[],"damage_taken":[{"damage":6.0,"enemies":"Cultist","floor":1.0,"turns":4.0},{"damage":3.0,"enemies":"Small Slimes","floor":2.0,"turns":3.0},{"damage":1.0,"enemies":"2 Louse","floor":4.0,"turns":3.0},{"damage":12.0,"enemies":"Looter","floor":5.0,"turns":3.0},{"damage":15.0,"enemies":"Lagavulin","floor":8.0,"turns":6.0},{"damage":14.0,"enemies":"Red Slaver","floor":11.0,"turns":2.0},{"damage":15.0,"enemies":"3 Sentries","floor":12.0,"turns":5.0},{"damage":0.0,"enemies":"Lagavulin","floor":14.0,"turns":2.0},{"damage":46.0,"enemies":"The Guardian","floor":16.0,"turns":10.0},{"damage":14.0,"enemies":"Shell Parasite","floor":18.0,"turns":3.0},{"damage":8.0,"enemies":"2 Thieves","floor":20.0,"turns":5.0},{"damage":49.0,"enemies":"Centurion and Healer","floor":21.0,"turns":9.0},{"damage":0.0,"enemies":"Snake Plant","floor":30.0,"turns":1.0},{"damage":10.0,"enemies":"Snecko","floor":31.0,"turns":3.0},{"damage":106,"enemies":"Automaton","floor":33,"turns":12}],"seed_played":"-4949955051177772810","potions_obtained":[{"floor":0.0,"key":"LiquidMemories"},{"floor":0.0,"key":"Strength Potion"},{"floor":0.0,"key":"BloodPotion"},{"floor":11.0,"key":"FearPotion"},{"floor":19.0,"key":"GamblersBrew"},{"floor":19.0,"key":"DistilledChaos"},{"floor":19.0,"key":"Fruit Juice"},{"floor":20.0,"key":"SteroidPotion"},{"floor":21.0,"key":"FearPotion"}],"is_trial":false,"path_per_floor":["M","M","?","M","M","R","$","E","T","R","M","E","$","E","R","B",null,"M","?","M","M","$","R","?","R","T","R","?","R","M","M","R","B"],"character_chosen":"IRONCLAD","items_purchased":["Impervious","Apotheosis"],"campfire_rested":2,"item_purchase_floors":[7,22],"current_hp_per_floor":[72,75,68,73,67,67,67,58,58,74,66,57,57,63,63,23,66,58,58,56,18,18,43,43,43,43,43,43,43,49,45,70,0],"gold":156,"neow_bonus":"THREE_SMALL_POTIONS","is_prod":false,"is_daily":false,"chose_seed":false,"campfire_upgraded":6,"win_rate":0,"timestamp":1671417950,"path_taken":["M","M","?","M","M","R","$","E","T","R","M","E","$","E","R","BOSS","M","?","M","M","$","R","?","R","T","R","?","R","?","?","R","BOSS"],"build_version":"2022-12-01","purchased_purges":0,"victory":false,"max_hp_per_floor":[80,80,80,80,80,80,80,80,80,80,80,80,80,80,80,80,80,80,80,80,85,85,85,85,85,85,85,85,85,85,85,85,85],"card_choices":[{"not_picked":["True Grit","Shrug It Off"],"picked":"Carnage","floor":1.0},{"not_picked":["Body Slam","Pommel Strike"],"picked":"Headbutt","floor":2.0},{"not_picked":["Clothesline","Cleave"],"picked":"Shockwave","floor":4.0},{"not_picked":["Dark Embrace","Perfected Strike"],"picked":"Flex","floor":5.0},{"not_picked":["Reckless Charge","Sentinel"],"picked":"Infernal Blade","floor":8.0},{"not_picked":["Bludgeon","Anger","True Grit"],"picked":"SKIP","floor":11.0},{"not_picked":["Fire Breathing","Wild Strike"],"picked":"Burning Pact","floor":12.0},{"not_picked":["Anger","Headbutt","Clothesline"],"picked":"SKIP","floor":14.0},{"not_picked":["Berserk","Limit Break"],"picked":"Corruption","floor":16.0},{"not_picked":["Heavy Blade","Dropkick"],"picked":"Power Through","floor":18.0},{"not_picked":["Twin Strike+1","Clash"],"picked":"Ghostly Armor+1","floor":20.0},{"not_picked":["Armaments","Cleave"],"picked":"Flex+1","floor":21.0},{"not_picked":["Perfected Strike","Cleave","True Grit"],"picked":"SKIP","floor":30.0},{"not_picked":["Pommel Strike+1","Iron Wave"],"picked":"Body Slam","floor":31.0}],"player_experience":851968,"relics_obtained":[{"floor":8.0,"key":"Sundial"},{"floor":9.0,"key":"Paper Frog"},{"floor":12.0,"key":"Akabeko"},{"floor":14.0,"key":"Unceasing Top"},{"floor":26.0,"key":"Ancient Tea Set"}],"event_choices":[{"cards_removed":["Strike_R"],"damage_healed":0.0,"max_hp_gain":0.0,"max_hp_loss":0.0,"gold_gain":0.0,"event_name":"Golden Wing","player_choice":"Card Removal","floor":3.0,"gold_loss":0.0,"damage_taken":7.0},{"damage_healed":0.0,"max_hp_gain":0.0,"max_hp_loss":0.0,"gold_gain":0.0,"event_name":"Lab","player_choice":"Got Potions","floor":19.0,"gold_loss":0.0,"damage_taken":0.0},{"damage_healed":0.0,"max_hp_gain":0.0,"max_hp_loss":0.0,"gold_gain":0.0,"event_name":"betterNote:BetterNote","player_choice":"Ignored","floor":24.0,"gold_loss":0.0,"damage_taken":0.0,"cards_obtained":["Tools of the Trade"]},{"cards_removed":["Defend_R"],"damage_healed":0.0,"max_hp_gain":0.0,"max_hp_loss":0.0,"gold_gain":0.0,"event_name":"Bonfire Elementals","player_choice":"Offered Basic","floor":28.0,"gold_loss":0.0,"damage_taken":0.0}],"is_beta":false,"boss_relics":[{"not_picked":["Tiny House","Coffee Dripper"],"picked":"Black Star"}],"items_purged_floors":[],"is_endless":false,"potions_floor_spawned":[1,2,5,11,20,21],"killed_by":"Automaton","ascension_level":10}