{"gold_per_floor":[113,129,145,156,176,213,213,256,256,290,318,318,332,332,332,332],"floor_reached":16,"playtime":548,"items_purged":[],"score":186,"play_id":"66b11080-8a6f-4e50-bbec-ef5afa7aade5","local_time":"20221221161649","is_ascension_mode":true,"campfire_choices":[{"data":"Juggernaut","floor":7,"key":"SMITH"},{"floor":12,"key":"REST"},{"data":"Rupture","floor":15,"key":"SMITH"}],"neow_cost":"NONE","seed_source_timestamp":446233638896600,"circlet_count":0,"master_deck":["AscendersBane","Strike_R","Strike_R","Strike_R","Strike_R","Strike_R","Defend_R","Defend_R","Defend_R","Defend_R","Bash","Rupture+1","Cleave","Thunderclap","Ghostly Armor","Juggernaut+1","Carnage","Blood for Blood","Immolate","Bloodletting"],"relics":["Burning Blood","NeowsBlessing","CeramicFish","Eternal Feather","Omamori","PreservedInsect"],"potions_floor_usage":[4,4,5,6,6,8,10,13],"damage_taken":[{"damage":0,"enemies":"Cultist","floor":1,"turns":1},{"damage":0,"enemies":"2 Louse","floor":2,"turns":1},{"damage":0,"enemies":"Small Slimes","floor":3,"turns":1},{"damage":23,"enemies":"Gremlin Gang","floor":4,"turns":5},{"damage":24,"enemies":"Blue Slaver","floor":5,"turns":4},{"damage":24,"enemies":"3 Sentries","floor":6,"turns":9},{"damage":16,"enemies":"Gremlin Nob","floor":8,"turns":3},{"damage":25,"enemies":"3 Sentries","floor":10,"turns":6},{"damage":12,"enemies":"Looter","floor":11,"turns":3},{"damage":10,"enemies":"Exordium Wildlife","floor":13,"turns":2},{"damage":53,"enemies":"The Guardian","floor":16,"turns":9}],"seed_played":"7466884627575723609","potions_obtained":[{"floor":1,"key":"EntropicBrew"},{"floor":4,"key":"Weak Potion"},{"floor":5,"key":"EssenceOfSteel"},{"floor":8,"key":"Explosive Potion"},{"floor":11,"key":"ColorlessPotion"}],"is_trial":false,"path_per_floor":["M","M","M","M","M","E","R","E","T","E","M","R","M","?","R","B"],"character_chosen":"IRONCLAD","items_purchased":[],"campfire_rested":1,"item_purchase_floors":[],"current_hp_per_floor":[78,80,80,63,61,43,43,33,33,14,8,44,40,40,52,0],"gold":332,"neow_bonus":"THREE_ENEMY_KILL","is_prod":false,"is_daily":false,"chose_seed":false,"campfire_upgraded":2,"win_rate":0,"timestamp":1671657409,"path_taken":["M","M","M","M","M","E","R","E","T","E","M","R","M","?","R","BOSS"],"build_version":"2022-12-18","purchased_purges":0,"victory":false,"max_hp_per_floor":[80,80,80,80,80,80,80,80,80,80,80,80,80,80,80,80],"card_choices":[{"not_picked":["Perfected Strike","Pommel Strike"],"picked":"Rupture","floor":1},{"not_picked":["Thunderclap","Havoc"],"picked":"Cleave","floor":2},{"not_picked":["Heavy Blade","Dark Embrace"],"picked":"Thunderclap","floor":3},{"not_picked":["Headbutt","Sword Boomerang"],"picked":"Ghostly Armor","floor":4},{"not_picked":["Heavy Blade","Thunderclap"],"picked":"Juggernaut","floor":5},{"not_picked":["Rampage","Spot Weakness"],"picked":"Carnage","floor":6},{"not_picked":["Anger","Seeing Red"],"picked":"Blood for Blood","floor":8},{"not_picked":["Demon Form","Perfected Strike"],"picked":"Immolate","floor":10},{"not_picked":["Battle Trance","Flex"],"picked":"Bloodletting","floor":11},{"not_picked":["Thunderclap","Iron Wave","Dropkick"],"picked":"SKIP","floor":13}],"player_experience":865290,"relics_obtained":[{"floor":6,"key":"CeramicFish"},{"floor":8,"key":"Eternal Feather"},{"floor":9,"key":"Omamori"},{"floor":10,"key":"PreservedInsect"}],"event_choices":[{"damage_healed":0,"gold_gain":0,"player_choice":"Ignored","damage_taken":0,"max_hp_gain":0,"max_hp_loss":0,"event_name":"Liars Game","floor":14,"gold_loss":0}],"is_beta":false,"boss_relics":[],"items_purged_floors":[],"is_endless":false,"potions_floor_spawned":[1,4,5,8,11],"killed_by":"The Guardian","ascension_level":10}