{"gold_per_floor":[114,134,147,117,137,137,162,195,195,195,218,218,257,277,277,277],"floor_reached":16,"playtime":539,"items_purged":[],"score":206,"play_id":"757c788c-4cfd-4a58-9166-b351213c61e5","local_time":"20221222194556","is_ascension_mode":true,"campfire_choices":[{"data":"Warcry","floor":6.0,"key":"SMITH"},{"data":"Juggernaut","floor":12,"key":"SMITH"},{"floor":15,"key":"REST"}],"neow_cost":"NONE","seed_source_timestamp":545181029805299,"circlet_count":0,"master_deck":["AscendersBane","Strike_R","Strike_R","Strike_R","Strike_R","Strike_R","Defend_R","Defend_R","Defend_R","Defend_R","Bash","Clash","Warcry+1","Clash","Pommel Strike","Body Slam","Iron Wave","Juggernaut+1","Sever Soul"],"special_seed":0,"relics":["Burning Blood","NeowsBlessing","Odd Mushroom","Blood Vial","Orichalcum","Golden Idol","Pantograph"],"potions_floor_usage":[7,8,8,8,8,8,16],"damage_taken":[{"damage":0.0,"enemies":"2 Louse","floor":1.0,"turns":1.0},{"damage":0.0,"enemies":"Cultist","floor":2.0,"turns":1.0},{"damage":0.0,"enemies":"Jaw Worm","floor":3.0,"turns":1.0},{"damage":3.0,"enemies":"3 Louse","floor":5.0,"turns":2.0},{"damage":47,"enemies":"The Mushroom Lair","floor":7,"turns":6},{"damage":0,"enemies":"Lagavulin","floor":8,"turns":3},{"damage":3,"enemies":"2 Fungi Beasts","floor":11,"turns":3},{"damage":25,"enemies":"3 Sentries","floor":13,"turns":6},{"damage":0,"enemies":"Large Slime","floor":14,"turns":4},{"damage":74,"enemies":"The Guardian","floor":16,"turns":10}],"seed_played":"6854991334133016161","potions_obtained":[{"floor":3.0,"key":"Strength Potion"},{"floor":4.0,"key":"SteroidPotion"},{"floor":4.0,"key":"ElixirPotion"},{"floor":7,"key":"EntropicBrew"},{"floor":14,"key":"SteroidPotion"}],"is_trial":false,"path_per_floor":["M","M","M","?","M","R","?","E","T","?","M","R","E","M","R","B"],"character_chosen":"IRONCLAD","items_purchased":[],"campfire_rested":1,"item_purchase_floors":[],"current_hp_per_floor":[78,80,80,80,80,80,39,45,45,25,30,30,13,21,45,0],"gold":277,"neow_bonus":"THREE_ENEMY_KILL","is_prod":false,"is_daily":false,"chose_seed":false,"campfire_upgraded":2,"win_rate":0,"timestamp":1671756356,"path_taken":["M","M","M","?","?","R","?","E","T","?","M","R","E","M","R","BOSS"],"build_version":"2022-12-18","purchased_purges":0,"victory":false,"max_hp_per_floor":[80,80,80,80,80,80,80,80,80,80,80,80,80,80,80,80],"card_choices":[{"not_picked":["Clothesline","Flex"],"picked":"Clash","floor":1.0},{"not_picked":["True Grit","Burning Pact"],"picked":"Warcry","floor":2.0},{"not_picked":["Reckless Charge","Pommel Strike"],"picked":"Clash","floor":3.0},{"not_picked":["Flex","Armaments"],"picked":"Pommel Strike","floor":5.0},{"not_picked":["Fire Breathing","Exhume"],"picked":"Body Slam","floor":7},{"not_picked":["True Grit","Warcry"],"picked":"Iron Wave","floor":8},{"not_picked":["Metallicize","Twin Strike"],"picked":"Juggernaut","floor":11},{"not_picked":["Pommel Strike","Body Slam","Berserk"],"picked":"SKIP","floor":13},{"not_picked":["Havoc","Clothesline"],"picked":"Sever Soul","floor":14}],"player_experience":880975,"relics_obtained":[{"floor":7,"key":"Odd Mushroom"},{"floor":8,"key":"Blood Vial"},{"floor":9,"key":"Orichalcum"},{"floor":13,"key":"Pantograph"}],"event_choices":[{"damage_healed":0.0,"max_hp_gain":0.0,"max_hp_loss":0.0,"gold_gain":0.0,"event_name":"The Woman in Blue","player_choice":"Bought 2 Potions","floor":4.0,"gold_loss":0.0,"damage_taken":0.0},{"damage_healed":0,"gold_gain":0,"player_choice":"Fought Mushrooms","damage_taken":0,"max_hp_gain":0,"max_hp_loss":0,"event_name":"Mushrooms","floor":7,"gold_loss":0},{"damage_healed":0,"gold_gain":0,"player_choice":"Take Damage","damage_taken":20,"relics_obtained":["Golden Idol"],"max_hp_gain":0,"max_hp_loss":0,"event_name":"Golden Idol","floor":10,"gold_loss":0}],"is_beta":false,"boss_relics":[],"items_purged_floors":[],"is_endless":false,"potions_floor_spawned":[3,7,14],"killed_by":"The Guardian","ascension_level":10}