{"gold_per_floor":[114,131,142,22,38,70,22,50,73,84,84,84,117,133,133,236,236,252,6,6,17,60,60,102,102],"floor_reached":25,"playtime":1774,"items_purged":["Strike_R"],"score":304,"play_id":"9422e6b5-4b66-4b77-bdbe-e37e62413dd0","local_time":"20221215094535","is_ascension_mode":true,"campfire_choices":[{"data":"True Grit","floor":11,"key":"SMITH"},{"data":"Strike_R","floor":15,"key":"PURGE"},{"data":"Apotheosis","floor":23,"key":"SMITH"}],"neow_cost":"NONE","seed_source_timestamp":111497160773600,"circlet_count":0,"master_deck":["Defend_R","Defend_R","Defend_R","Defend_R","Bash+1","Double Tap","Twin Strike","Carnage","Feel No Pain","Offering","True Grit","Disarm","Iron Wave+1","Wild Strike","Power Through","True Grit+1","Spot Weakness","Pommel Strike","Rampage","Reaper","Disarm","Apotheosis+1","HandOfGreed+1","Burning Pact","Dual Wield+1","Iron Wave+1"],"relics":["Burning Blood","Peace Pipe","Whetstone","Art of War","MealTicket","Empty Cage"],"potions_floor_usage":[6,8,13,16,22],"damage_taken":[{"damage":1,"enemies":"Cultist","floor":1,"turns":4},{"damage":7,"enemies":"Small Slimes","floor":2,"turns":3},{"damage":2,"enemies":"2 Louse","floor":3,"turns":2},{"damage":6,"enemies":"Exordium Wildlife","floor":5,"turns":2},{"damage":12,"enemies":"3 Sentries","floor":6,"turns":11},{"damage":37,"enemies":"Lagavulin","floor":8,"turns":7},{"damage":15,"enemies":"Red Slaver","floor":10,"turns":4},{"damage":14,"enemies":"3 Sentries","floor":13,"turns":8},{"damage":0,"enemies":"Large Slime","floor":14,"turns":4},{"damage":24,"enemies":"The Guardian","floor":16,"turns":10},{"damage":12,"enemies":"Chosen","floor":18,"turns":4},{"damage":41,"enemies":"Shell Parasite","floor":21,"turns":5},{"damage":48,"enemies":"3 Cultists","floor":22,"turns":7},{"damage":31,"enemies":"Shelled Parasite and Fungi","floor":24,"turns":8},{"damage":22,"enemies":"Snake Plant","floor":25,"turns":2}],"seed_played":"2124812441422220261","potions_obtained":[{"floor":3,"key":"BlessingOfTheForge"},{"floor":6,"key":"Swift Potion"},{"floor":8,"key":"Dexterity Potion"},{"floor":14,"key":"SpeedPotion"},{"floor":22,"key":"Fruit Juice"}],"is_trial":false,"path_per_floor":["M","M","M","$","M","E","$","E","T","M","R","?","E","M","R","B",null,"M","$","?","M","M","R","M","M"],"character_chosen":"IRONCLAD","items_purchased":["Offering","True Grit","Wild Strike","Apotheosis"],"campfire_rested":0,"item_purchase_floors":[4,4,7,19],"current_hp_per_floor":[77,76,80,80,80,74,74,43,43,34,34,34,26,32,32,14,64,65,80,80,45,36,36,15,0],"gold":102,"neow_bonus":"ONE_RANDOM_RARE_CARD","is_prod":false,"is_daily":false,"chose_seed":false,"campfire_upgraded":2,"win_rate":0,"timestamp":1671115535,"path_taken":["M","?","M","$","M","E","$","E","T","M","R","?","E","?","R","BOSS","M","$","?","M","M","R","M","M"],"build_version":"2022-12-01","purchased_purges":1,"victory":false,"max_hp_per_floor":[80,80,80,80,80,80,80,80,80,80,80,80,80,80,80,80,80,80,80,80,80,85,85,85,85],"card_choices":[{"not_picked":["Sentinel","Headbutt"],"picked":"Twin Strike","floor":1},{"not_picked":["Twin Strike","Dropkick"],"picked":"Carnage","floor":2},{"not_picked":["Headbutt","Combust"],"picked":"Feel No Pain","floor":3},{"not_picked":["Twin Strike","Headbutt"],"picked":"Disarm","floor":5},{"not_picked":["Havoc","Searing Blow"],"picked":"Iron Wave","floor":6},{"not_picked":["Headbutt","Demon Form"],"picked":"Power Through","floor":8},{"not_picked":["Cleave","Sentinel"],"picked":"True Grit","floor":10},{"not_picked":["Armaments","Evolve"],"picked":"Pommel Strike","floor":13},{"not_picked":["Burning Pact","Fire Breathing"],"picked":"Rampage","floor":14},{"not_picked":["Juggernaut","Feed"],"picked":"Reaper","floor":16},{"not_picked":["Body Slam+1","Thunderclap"],"picked":"Disarm","floor":18},{"not_picked":["Perfected Strike","Wild Strike"],"picked":"Burning Pact","floor":21},{"not_picked":["Sword Boomerang","Perfected Strike+1"],"picked":"Dual Wield+1","floor":22},{"not_picked":["Berserk","Sword Boomerang"],"picked":"Iron Wave+1","floor":24}],"player_experience":1362375,"relics_obtained":[{"floor":6,"key":"Peace Pipe"},{"floor":8,"key":"Whetstone"},{"floor":9,"key":"Art of War"},{"floor":13,"key":"MealTicket"}],"event_choices":[{"damage_healed":0,"gold_gain":0,"cards_transformed":["Strike_R"],"player_choice":"Transformed","damage_taken":0,"max_hp_gain":0,"max_hp_loss":0,"event_name":"Transmorgrifier","floor":12,"gold_loss":0,"cards_obtained":["Spot Weakness"]},{"cards_removed":["Apotheosis"],"damage_healed":0,"gold_gain":0,"player_choice":"Take \u0026 Give","damage_taken":0,"max_hp_gain":0,"max_hp_loss":0,"event_name":"betterNote:BetterNote","floor":20,"gold_loss":0,"cards_obtained":["HandOfGreed"]}],"is_beta":false,"boss_relics":[{"not_picked":["Black Star","Coffee Dripper"],"picked":"Empty Cage"}],"items_purged_floors":[19],"is_endless":false,"potions_floor_spawned":[3,6,8,14,22],"killed_by":"Snake Plant","ascension_level":7}