{"gold_per_floor":[117,127,127,139,153,153,188,199,199,199],"floor_reached":10,"playtime":344,"items_purged":[],"score":105,"play_id":"4983bd19-7b69-4cc6-ab7c-7a917c4e2fa5","local_time":"20221221160657","is_ascension_mode":true,"campfire_choices":[{"data":"Flex","floor":6,"key":"SMITH"}],"neow_cost":"NONE","seed_source_timestamp":445864779899300,"circlet_count":0,"master_deck":["AscendersBane","Strike_R","Strike_R","Strike_R","Strike_R","Strike_R","Defend_R","Defend_R","Defend_R","Defend_R","Bash+1","Wild Strike","Inflame","Cleave","Flex+1","Iron Wave","Pommel Strike"],"relics":["Burning Blood","CultistMask","Oddly Smooth Stone","Frozen Egg 2"],"potions_floor_usage":[4,7,10],"damage_taken":[{"damage":1,"enemies":"Cultist","floor":1,"turns":4},{"damage":6,"enemies":"Small Slimes","floor":2,"turns":3},{"damage":4,"enemies":"Jaw Worm","floor":4,"turns":3},{"damage":26,"enemies":"Exordium Thugs","floor":5,"turns":4},{"damage":42,"enemies":"Gremlin Nob","floor":7,"turns":5},{"damage":20,"enemies":"Exordium Wildlife","floor":8,"turns":5},{"damage":10,"enemies":"3 Sentries","floor":10,"turns":5}],"seed_played":"7290255402542625858","potions_obtained":[{"floor":2,"key":"LiquidMemories"},{"floor":4,"key":"PowerPotion"},{"floor":8,"key":"Dexterity Potion"}],"is_trial":false,"path_per_floor":["M","M","?","M","M","R","E","M","T","E"],"character_chosen":"IRONCLAD","items_purchased":[],"campfire_rested":0,"item_purchase_floors":[],"current_hp_per_floor":[77,77,77,79,59,59,23,9,9,0],"gold":199,"neow_bonus":"UPGRADE_CARD","is_prod":false,"is_daily":false,"chose_seed":false,"campfire_upgraded":1,"win_rate":0,"timestamp":1671656817,"path_taken":["M","?","?","M","M","R","E","?","T","E"],"build_version":"2022-12-18","purchased_purges":0,"victory":false,"max_hp_per_floor":[80,80,80,80,80,80,80,80,80,80],"card_choices":[{"not_picked":["Heavy Blade","Searing Blow"],"picked":"Wild Strike","floor":1},{"not_picked":["Entrench","Pommel Strike"],"picked":"Inflame","floor":2},{"not_picked":["Pommel Strike","Heavy Blade"],"picked":"Cleave","floor":4},{"not_picked":["Perfected Strike","Second Wind"],"picked":"Flex","floor":5},{"not_picked":["Wild Strike","Berserk"],"picked":"Iron Wave","floor":7},{"not_picked":["Sword Boomerang","Cleave"],"picked":"Pommel Strike","floor":8}],"player_experience":864946,"relics_obtained":[{"floor":7,"key":"Oddly Smooth Stone"},{"floor":9,"key":"Frozen Egg 2"}],"event_choices":[{"damage_healed":0,"gold_gain":0,"player_choice":"Trade","damage_taken":0,"relics_obtained":["CultistMask"],"max_hp_gain":0,"max_hp_loss":0,"event_name":"FaceTrader","floor":3,"gold_loss":0}],"is_beta":false,"boss_relics":[],"items_purged_floors":[],"is_endless":false,"potions_floor_spawned":[2,4,8],"killed_by":"3 Sentries","ascension_level":10}