{"gold_per_floor":[14,26,38,38,50,85,85,45,117,117,132,132,145,165,165,261,261,277,295,310,310,321,321,321],"floor_reached":24,"playtime":1335,"items_purged":[],"score":303,"play_id":"c58ac3cf-1b8b-4f38-8314-6087b7a1735c","local_time":"20221230010011","is_ascension_mode":true,"campfire_choices":[{"data":"Dark Embrace","floor":7,"key":"SMITH"},{"data":"Anger","floor":10,"key":"SMITH"},{"data":"Fiend Fire","floor":12,"key":"SMITH"},{"data":"Perfected Strike","floor":15,"key":"SMITH"},{"data":"Warcry","floor":23,"key":"SMITH"}],"neow_cost":"NO_GOLD","seed_source_timestamp":1168077128253700,"circlet_count":0,"master_deck":["AscendersBane","Strike_R","Strike_R","Strike_R","Strike_R","Strike_R","Defend_R","Defend_R","Defend_R","Bash","Fiend Fire+1","Perfected Strike+1","Dark Embrace+1","Pummel","Clash","Anger+1","Thunderclap","Hemokinesis","Impervious","Corruption","Clash+1","Rupture","Sentinel+1","Impervious","Warcry+1"],"relics":["Burning Blood","Incense Burner","Meat on the Bone","Runic Pyramid"],"potions_floor_usage":[6,6,16,16,16,19],"damage_taken":[{"damage":4,"enemies":"Small Slimes","floor":1,"turns":2},{"damage":0,"enemies":"2 Louse","floor":2,"turns":2},{"damage":1,"enemies":"Cultist","floor":3,"turns":3},{"damage":56,"enemies":"Lots of Slimes","floor":5,"turns":6},{"damage":40,"enemies":"Lagavulin","floor":6,"turns":7},{"damage":5,"enemies":"2 Fungi Beasts","floor":11,"turns":3},{"damage":6,"enemies":"Looter","floor":13,"turns":2},{"damage":6,"enemies":"Blue Slaver","floor":14,"turns":3},{"damage":9,"enemies":"Hexaghost","floor":16,"turns":5},{"damage":9,"enemies":"Shell Parasite","floor":18,"turns":3},{"damage":14,"enemies":"Chosen","floor":19,"turns":4},{"damage":40,"enemies":"Snake Plant","floor":20,"turns":4},{"damage":14,"enemies":"Cultist and Chosen","floor":22,"turns":6},{"damage":57,"enemies":"Gremlin Leader","floor":24,"turns":5}],"seed_played":"2003843957676686433","potions_obtained":[{"floor":2,"key":"GamblersBrew"},{"floor":3,"key":"GamblersBrew"},{"floor":5,"key":"FairyPotion"},{"floor":8,"key":"Dexterity Potion"},{"floor":8,"key":"LiquidMemories"},{"floor":8,"key":"Fruit Juice"},{"floor":18,"key":"DuplicationPotion"}],"is_trial":false,"path_per_floor":["M","M","M","?","M","E","R","?","T","R","M","R","M","M","R","B",null,"M","M","M","?","M","R","E"],"character_chosen":"IRONCLAD","items_purchased":[],"campfire_rested":0,"item_purchase_floors":[],"current_hp_per_floor":[74,80,80,73,23,30,30,30,30,30,43,43,55,55,55,57,78,75,67,45,45,49,49,0],"gold":321,"neow_bonus":"THREE_RARE_CARDS","is_prod":false,"is_daily":false,"chose_seed":false,"campfire_upgraded":5,"win_rate":0,"timestamp":1672380011,"path_taken":["M","M","M","?","M","E","R","?","T","R","?","R","?","M","R","BOSS","M","M","M","?","M","R","E"],"build_version":"2022-12-18","purchased_purges":0,"victory":false,"max_hp_per_floor":[80,80,80,80,80,80,80,80,80,80,80,80,80,80,80,85,85,85,85,85,85,85,85,85],"card_choices":[{"not_picked":["Bludgeon","Demon Form"],"picked":"Fiend Fire","floor":0},{"not_picked":["Havoc","Fire Breathing"],"picked":"Perfected Strike","floor":1},{"not_picked":["Battle Trance","Body Slam"],"picked":"Dark Embrace","floor":2},{"not_picked":["Dropkick","Armaments"],"picked":"Pummel","floor":3},{"not_picked":["Dark Embrace","Twin Strike"],"picked":"Clash","floor":5},{"not_picked":["Twin Strike","Heavy Blade"],"picked":"Anger","floor":6},{"not_picked":["Anger","Flex"],"picked":"Thunderclap","floor":11},{"not_picked":["Evolve","Anger"],"picked":"Hemokinesis","floor":13},{"not_picked":["Anger","Headbutt"],"picked":"Impervious","floor":14},{"not_picked":["Exhume","Double Tap"],"picked":"Corruption","floor":16},{"not_picked":["Heavy Blade","Pummel"],"picked":"Clash+1","floor":18},{"not_picked":["Armaments+1","Whirlwind"],"picked":"Rupture","floor":19},{"not_picked":["Thunderclap","Burning Pact"],"picked":"Sentinel+1","floor":20},{"not_picked":["Hemokinesis+1","Clothesline"],"picked":"Warcry","floor":22}],"player_experience":1182067,"relics_obtained":[{"floor":6,"key":"Incense Burner"},{"floor":9,"key":"Meat on the Bone"}],"event_choices":[{"cards_removed":["Defend_R"],"damage_healed":0,"gold_gain":0,"player_choice":"Card Removal","damage_taken":7,"max_hp_gain":0,"max_hp_loss":0,"event_name":"Golden Wing","floor":4,"gold_loss":0},{"damage_healed":0,"gold_gain":0,"player_choice":"Bought 3 Potions","damage_taken":0,"max_hp_gain":0,"max_hp_loss":0,"event_name":"The Woman in Blue","floor":8,"gold_loss":0},{"damage_healed":0,"gold_gain":0,"player_choice":"Copied","damage_taken":0,"max_hp_gain":0,"max_hp_loss":0,"event_name":"Duplicator","floor":21,"gold_loss":0,"cards_obtained":["Impervious"]}],"is_beta":false,"boss_relics":[{"not_picked":["Mark of Pain","sneckomod:SneckoTalon"],"picked":"Runic Pyramid"}],"items_purged_floors":[],"is_endless":false,"potions_floor_spawned":[2,3,5,13,18],"killed_by":"Gremlin Leader","ascension_level":10}