{"gold_per_floor":[112,123,140,140,158,183,183,210,233,81,98,98,118,136,136,215,215,215,49,68,86,86],"floor_reached":22,"playtime":1315,"items_purged":["Strike_R","Defend_R","Strike_R"],"score":600,"play_id":"66b91823-20be-4971-9d45-38277f156f4d","local_time":"20230104183641","is_ascension_mode":true,"campfire_choices":[{"data":"Body Slam","floor":7,"key":"SMITH"},{"data":"True Grit","floor":12,"key":"SMITH"},{"data":"Uppercut","floor":15,"key":"SMITH"}],"neow_cost":"","seed_source_timestamp":269357407826300,"circlet_count":0,"master_deck":["AscendersBane","Strike_R+1","Strike_R","Strike_R+1","Defend_R","Defend_R","Defend_R","Bash","Thunderclap","Shockwave","Anger","True Grit+1","Iron Wave","Spot Weakness","Body Slam+1","Second Wind","Iron Wave","Uppercut+1","Headbutt","Combust","Corruption","Shrug It Off","Dark Embrace","Iron Wave","Armaments"],"relics":["Burning Blood","moreChoices:MoreCardChoices","PreservedInsect","MealTicket","Vajra","Whetstone","Akabeko","Sozu"],"potions_floor_usage":[6,8,13,21],"damage_taken":[{"damage":7,"enemies":"Jaw Worm","floor":1,"turns":4},{"damage":0,"enemies":"Small Slimes","floor":2,"turns":3},{"damage":7,"enemies":"2 Louse","floor":3,"turns":4},{"damage":10,"enemies":"2 Fungi Beasts","floor":5,"turns":4},{"damage":1,"enemies":"Gremlin Nob","floor":6,"turns":3},{"damage":11,"enemies":"Lagavulin","floor":8,"turns":7},{"damage":14,"enemies":"Exordium Wildlife","floor":11,"turns":4},{"damage":8,"enemies":"Looter","floor":13,"turns":2},{"damage":4,"enemies":"Red Slaver","floor":14,"turns":2},{"damage":37,"enemies":"Hexaghost","floor":16,"turns":9},{"damage":28,"enemies":"Shell Parasite","floor":18,"turns":4},{"damage":23,"enemies":"Spheric Guardian","floor":20,"turns":5},{"damage":19,"enemies":"Centurion and Healer","floor":21,"turns":4},{"damage":34,"enemies":"Cultist and Chosen","floor":22,"turns":4}],"seed_played":"-1757747947213315451","potions_obtained":[{"floor":3,"key":"HeartOfIron"},{"floor":5,"key":"Fire Potion"},{"floor":11,"key":"AttackPotion"},{"floor":16,"key":"BlessingOfTheForge"}],"is_trial":false,"path_per_floor":["M","M","M","?","M","E","R","E","T","$","M","R","M","M","R","B",null,"M","$","M","M","M"],"character_chosen":"IRONCLAD","items_purchased":["PreservedInsect","Thunderclap","Shockwave","Anger","Iron Wave","Dark Embrace"],"campfire_rested":0,"item_purchase_floors":[0,0,0,0,10,19],"current_hp_per_floor":[59,65,64,46,42,47,47,42,42,57,49,49,47,49,49,18,61,39,54,37,24,0],"gold":86,"neow_bonus":"","is_prod":false,"is_daily":false,"chose_seed":false,"campfire_upgraded":3,"win_rate":0,"timestamp":1672875401,"path_taken":["M","M","M","?","M","E","R","E","T","$","M","R","M","M","R","BOSS","M","$","M","M","M"],"build_version":"2022-12-18","purchased_purges":3,"victory":false,"max_hp_per_floor":[75,75,75,75,75,75,75,75,75,75,75,75,75,75,75,75,75,75,75,75,75,75],"card_choices":[{"not_picked":["Headbutt","Heavy Blade","Sword Boomerang","Twin Strike"],"picked":"True Grit","floor":1},{"not_picked":["Dark Embrace","Anger","Metallicize","Clothesline"],"picked":"Iron Wave","floor":2},{"not_picked":["Inflame","Wild Strike","True Grit","Anger"],"picked":"Spot Weakness","floor":3},{"not_picked":["Shockwave","Warcry","Rupture","Wild Strike"],"picked":"Body Slam","floor":5},{"not_picked":["Demon Form","Rampage","Body Slam","Perfected Strike","Clothesline"],"picked":"SKIP","floor":6},{"not_picked":["Clash","Seeing Red","Blood for Blood","Searing Blow"],"picked":"Second Wind","floor":8},{"not_picked":["Wild Strike","Thunderclap","Perfected Strike","Anger"],"picked":"Uppercut","floor":11},{"not_picked":["Sword Boomerang","Rupture","Reckless Charge","Rampage"],"picked":"Headbutt","floor":13},{"not_picked":["Perfected Strike","Havoc","Headbutt","Pommel Strike"],"picked":"Combust","floor":14},{"not_picked":["Berserk","Juggernaut","Immolate","Exhume"],"picked":"Corruption","floor":16},{"not_picked":["Dark Embrace","Armaments","Evolve","Fire Breathing"],"picked":"Shrug It Off","floor":18},{"not_picked":["Sword Boomerang","Anger","Uppercut","Havoc"],"picked":"Iron Wave","floor":20},{"not_picked":["Corruption","Clash","Seeing Red","Flex"],"picked":"Armaments","floor":21}],"player_experience":972603,"relics_obtained":[{"floor":6,"key":"Vajra"},{"floor":8,"key":"Whetstone"},{"floor":9,"key":"Akabeko"}],"event_choices":[{"damage_healed":0,"gold_gain":0,"player_choice":"Relic ","damage_taken":18,"max_hp_gain":0,"max_hp_loss":0,"event_name":"betterThird:BetterScrap","floor":4,"gold_loss":0,"cards_obtained":["ForeignInfluence"]}],"is_beta":false,"boss_relics":[{"not_picked":["Empty Cage","Velvet Choker"],"picked":"Sozu"}],"items_purged_floors":[0,10,19],"is_endless":false,"potions_floor_spawned":[3,5,11,16,21],"killed_by":"Cultist and Chosen","ascension_level":20}