{"gold_per_floor":[112,126,144,0,13,39,39,39,39,39,55,89,89,123,123,123],"floor_reached":16,"playtime":625,"items_purged":["Defend_R"],"score":120,"play_id":"3d712883-95e4-4380-a339-182097c3877d","local_time":"20230101195324","is_ascension_mode":false,"campfire_choices":[{"data":"Blood for Blood","floor":8,"key":"SMITH"},{"data":"Metallicize","floor":13,"key":"SMITH"},{"data":"Anger","floor":15,"key":"SMITH"}],"neow_cost":"NONE","seed_source_timestamp":15454011605700,"circlet_count":0,"master_deck":["Strike_R","Strike_R","Strike_R","Strike_R","Strike_R","Defend_R","Defend_R","Defend_R","Bash","Rage+1","Shrug It Off","Blood for Blood+1","Feel No Pain","Anger+1","Headbutt","Parasite","Shockwave","Metallicize+1","Evolve"],"relics":["Burning Blood","NeowsBlessing","Paper Frog","Mummified Hand","Question Card","Ginger"],"potions_floor_usage":[6,12,14,16,16],"damage_taken":[{"damage":0,"enemies":"2 Louse","floor":1,"turns":1},{"damage":0,"enemies":"Small Slimes","floor":2,"turns":1},{"damage":0,"enemies":"Cultist","floor":3,"turns":2},{"damage":11,"enemies":"Lots of Slimes","floor":5,"turns":5},{"damage":27,"enemies":"Gremlin Nob","floor":6,"turns":4},{"damage":24,"enemies":"Red Slaver","floor":11,"turns":5},{"damage":19,"enemies":"3 Sentries","floor":12,"turns":5},{"damage":20,"enemies":"Lagavulin","floor":14,"turns":6},{"damage":33,"enemies":"The Guardian","floor":16,"turns":8}],"seed_played":"-1292540720103036984","potions_obtained":[{"floor":1,"key":"PowerPotion"},{"floor":5,"key":"Swift Potion"},{"floor":11,"key":"Explosive Potion"},{"floor":12,"key":"Dexterity Potion"},{"floor":14,"key":"Swift Potion"}],"is_trial":false,"path_per_floor":["M","M","M","$","M","E","?","R","T","?","M","E","R","E","R","B"],"character_chosen":"IRONCLAD","items_purchased":["Feel No Pain"],"campfire_rested":0,"item_purchase_floors":[4],"current_hp_per_floor":[80,80,80,80,75,54,74,74,74,74,56,43,43,29,29,0],"gold":123,"neow_bonus":"THREE_ENEMY_KILL","is_prod":false,"is_daily":false,"chose_seed":false,"campfire_upgraded":3,"win_rate":0,"timestamp":1672620804,"path_taken":["M","M","M","$","M","E","?","R","T","?","M","E","R","E","R","BOSS"],"build_version":"2022-12-18","purchased_purges":1,"victory":false,"max_hp_per_floor":[80,80,80,80,80,80,80,80,80,80,80,80,80,80,80,80],"card_choices":[{"not_picked":["Burning Pact","Clothesline"],"picked":"Rage","floor":1},{"not_picked":["Infernal Blade","Headbutt"],"picked":"Shrug It Off","floor":2},{"not_picked":["Cleave","Thunderclap"],"picked":"Blood for Blood","floor":3},{"not_picked":["Shrug It Off","Fire Breathing"],"picked":"Anger","floor":5},{"not_picked":["Wild Strike","Demon Form"],"picked":"Headbutt","floor":6},{"not_picked":["Dual Wield","Feel No Pain"],"picked":"Shockwave","floor":11},{"not_picked":["Dual Wield","Headbutt"],"picked":"Metallicize","floor":12},{"not_picked":["Havoc","Rupture","Thunderclap"],"picked":"Evolve","floor":14}],"player_experience":948041,"relics_obtained":[{"floor":6,"key":"Paper Frog"},{"floor":9,"key":"Mummified Hand"},{"floor":12,"key":"Question Card"},{"floor":14,"key":"Ginger"}],"event_choices":[{"damage_healed":20,"gold_gain":0,"player_choice":"Healed and dodged fight","damage_taken":0,"max_hp_gain":0,"max_hp_loss":0,"event_name":"Mushrooms","floor":7,"gold_loss":0,"cards_obtained":["Parasite"]},{"damage_healed":0,"gold_gain":0,"player_choice":"Upgraded","damage_taken":0,"max_hp_gain":0,"max_hp_loss":0,"event_name":"Upgrade Shrine","floor":10,"gold_loss":0,"cards_upgraded":["Rage"]}],"is_beta":false,"boss_relics":[],"items_purged_floors":[4],"is_endless":false,"potions_floor_spawned":[1,5,11,12,14],"killed_by":"The Guardian","ascension_level":0}