{"gold_per_floor":[119,134,154,172,172,172,205,223,223,238,238],"floor_reached":11,"playtime":491,"items_purged":[],"score":77,"play_id":"133a29c7-f768-49f0-b087-f93cfc441416","local_time":"20230101160042","daily_mods":["Diverse"],"is_ascension_mode":false,"campfire_choices":[{"data":"Genetic Algorithm","floor":6,"key":"SMITH"}],"neow_cost":"","seed_source_timestamp":0,"circlet_count":0,"master_deck":["Tools of the Trade","Reflex","Tactician","Immolate","Flame Barrier","Offering","Genetic Algorithm+1","Core Surge","Hyperbeam","Perseverance","Body Slam","ReachHeaven","DeceiveReality","FollowUp"],"relics":["Burning Blood","Unceasing Top","Potion Belt","SacredBark","PreservedInsect","Pantograph"],"potions_floor_usage":[7],"damage_taken":[{"damage":6,"enemies":"Cultist","floor":1,"turns":2},{"damage":6,"enemies":"Jaw Worm","floor":2,"turns":2},{"damage":6,"enemies":"Small Slimes","floor":3,"turns":2},{"damage":6,"enemies":"Exordium Thugs","floor":4,"turns":3},{"damage":9,"enemies":"3 Sentries","floor":7,"turns":2},{"damage":7,"enemies":"Looter","floor":8,"turns":2},{"damage":6,"enemies":"Exordium Wildlife","floor":10,"turns":2},{"damage":0,"enemies":"Large Slime","floor":11,"turns":2}],"seed_played":"-8231044090691687752","potions_obtained":[{"floor":2,"key":"FairyPotion"},{"floor":3,"key":"SteroidPotion"},{"floor":7,"key":"EssenceOfSteel"},{"floor":8,"key":"BloodPotion"}],"is_trial":true,"path_per_floor":["M","M","M","M","?","R","E","M","T","M","M"],"character_chosen":"IRONCLAD","items_purchased":[],"campfire_rested":0,"item_purchase_floors":[],"current_hp_per_floor":[80,80,80,80,73,73,70,69,69,69,69],"gold":238,"neow_bonus":"","is_prod":false,"is_daily":false,"chose_seed":false,"campfire_upgraded":1,"win_rate":0,"timestamp":1672606842,"path_taken":["M","?","?","M","?","R","E","M","T","M","M"],"build_version":"2022-12-18","purchased_purges":0,"victory":false,"max_hp_per_floor":[80,80,80,80,80,80,80,80,80,80,80],"card_choices":[{"not_picked":["Anger","Quick Slash","Masterful Stab"],"picked":"SKIP","floor":1},{"not_picked":["Backflip","PathToVictory"],"picked":"Perseverance","floor":2},{"not_picked":["Cloak And Dagger","Loop"],"picked":"Body Slam","floor":3},{"not_picked":["Shrug It Off","Pommel Strike"],"picked":"ReachHeaven","floor":4},{"not_picked":["Leap","Juggernaut","CarveReality"],"picked":"SKIP","floor":7},{"not_picked":["Pray","Go for the Eyes"],"picked":"DeceiveReality","floor":8},{"not_picked":["Redo","CrushJoints"],"picked":"FollowUp","floor":10}],"player_experience":944760,"relics_obtained":[{"floor":7,"key":"PreservedInsect"},{"floor":9,"key":"Pantograph"}],"event_choices":[{"cards_removed":["Gash"],"damage_healed":0,"gold_gain":0,"player_choice":"Card Removal","damage_taken":7,"max_hp_gain":0,"max_hp_loss":0,"event_name":"Golden Wing","floor":5,"gold_loss":0}],"is_beta":false,"boss_relics":[],"items_purged_floors":[],"is_endless":false,"potions_floor_spawned":[2,3,7,8],"killed_by":"Large Slime","ascension_level":0}