{"gold_per_floor":[114,27,47,57,7,7,38,38,38,73,85,10,36,36,36,135,135,146,162,102,131,131,131,151,151,177,177,204,204,204,231,231,340,340,350,350,368,98,116,116,131,159,185,12,62,74,94,119,119,119],"floor_reached":51,"playtime":2467,"items_purged":["Strike_R","Defend_R"],"score":1084,"play_id":"91e36041-5d42-4f6e-978c-9d9d7130fba8","local_time":"20221230014226","is_ascension_mode":true,"campfire_choices":[{"data":"True Grit","floor":6.0,"key":"SMITH"},{"data":"Flex","floor":8.0,"key":"SMITH"},{"floor":15,"key":"REST"},{"data":"Double Tap","floor":23,"key":"SMITH"},{"data":"Combust","floor":25,"key":"SMITH"},{"data":"Flex","floor":27,"key":"SMITH"},{"data":"Reaper","floor":30,"key":"SMITH"},{"floor":32,"key":"REST"},{"data":"Madness","floor":40,"key":"SMITH"},{"data":"Bludgeon","floor":49,"key":"SMITH"}],"neow_cost":"NONE","seed_source_timestamp":1169432244553700,"circlet_count":0,"master_deck":["AscendersBane","Defend_R","Defend_R","Bash","Flex+1","Cleave","Reckless Charge","Combust+1","True Grit+1","Battle Trance","Rupture+1","Double Tap+1","Reaper+1","Rage+1","Flex+1","Iron Wave","Slimebound:Tackle+1","Slimebound:Tackle+1","Slimebound:Tackle+1","Bludgeon+1","Madness+1","Madness","Dark Shackles","Secret Weapon","Hemokinesis"],"special_seed":0,"relics":["Burning Blood","NeowsBlessing","StoneCalendar","Self Forming Clay","Lizard Tail","Bird Faced Urn","Runic Pyramid","CeramicFish","Smiling Mask","Toy Ornithopter","Busted Crown","ClockworkSouvenir","Omamori","Nunchaku","Lee\u0027s Waffle","FossilizedHelix","Dead Branch"],"potions_floor_usage":[13,16,28,33,42,42,45,47,50],"damage_taken":[{"damage":0.0,"enemies":"2 Louse","floor":1.0,"turns":1.0},{"damage":0.0,"enemies":"Jaw Worm","floor":3.0,"turns":1.0},{"damage":0.0,"enemies":"Small Slimes","floor":4.0,"turns":1.0},{"damage":39.0,"enemies":"Gremlin Nob","floor":7.0,"turns":5.0},{"damage":17.0,"enemies":"Lagavulin","floor":10.0,"turns":6.0},{"damage":8.0,"enemies":"Looter","floor":11.0,"turns":3.0},{"damage":13,"enemies":"3 Sentries","floor":13,"turns":4},{"damage":15,"enemies":"Hexaghost","floor":16,"turns":8},{"damage":24,"enemies":"Chosen","floor":18,"turns":5},{"damage":32,"enemies":"2 Thieves","floor":19,"turns":4},{"damage":29,"enemies":"Chosen and Byrds","floor":21,"turns":7},{"damage":19,"enemies":"Centurion and Healer","floor":24,"turns":7},{"damage":52,"enemies":"Book of Stabbing","floor":28,"turns":7},{"damage":74,"enemies":"Collector","floor":33,"turns":8},{"damage":16,"enemies":"Orb Walker","floor":35,"turns":3},{"damage":33,"enemies":"3 Shapes","floor":41,"turns":4},{"damage":48,"enemies":"Giant Head","floor":42,"turns":7},{"damage":13,"enemies":"Mind Bloom Boss Battle","floor":45,"turns":3},{"damage":12,"enemies":"3 Darklings","floor":46,"turns":3},{"damage":33,"enemies":"Jaw Worm Horde","floor":47,"turns":4},{"damage":49,"enemies":"Reptomancer","floor":48,"turns":5},{"damage":103,"enemies":"Donu and Deca","floor":50,"turns":8}],"seed_played":"-2730152018851080071","potions_obtained":[{"floor":3.0,"key":"SteroidPotion"},{"floor":7.0,"key":"Block Potion"},{"floor":10.0,"key":"AttackPotion"},{"floor":11.0,"key":"Block Potion"},{"floor":19,"key":"Dexterity Potion"},{"floor":28,"key":"BlessingOfTheForge"},{"floor":33,"key":"Energy Potion"},{"floor":42,"key":"SkillPotion"},{"floor":46,"key":"Slimebound:ThreeZeroPotion"},{"floor":48,"key":"Fire Potion"}],"is_trial":false,"path_per_floor":["M","$","M","M","?","R","E","R","T","E","M","$","E","?","R","B",null,"M","M","?","M","?","R","M","R","T","R","E","?","R","?","R","B",null,"M","?","?","$","?","R","M","E","T","$","?","M","M","E","R","B",null],"character_chosen":"IRONCLAD","items_purchased":["Cleave","Reckless Charge","ClockworkSouvenir","Guardian:BlockOnCardUsePotion","Lee\u0027s Waffle","Hemokinesis"],"campfire_rested":2,"item_purchase_floors":[2,2,38,38,44,44],"current_hp_per_floor":[78,78,80,80,80,80,47,47,47,36,34,34,27,27,51,46,72,73,59,59,49,49,49,65,65,65,65,47,47,47,47,71,40,70,62,62,52,52,47,47,33,12,12,87,80,87,62,55,55,49],"gold":119,"neow_bonus":"THREE_ENEMY_KILL","is_prod":false,"is_daily":false,"chose_seed":false,"campfire_upgraded":8,"win_rate":0,"timestamp":1672382546,"path_taken":["M","$","M","M","?","R","E","R","T","E","M","$","E","?","R","BOSS","M","M","?","M","?","R","M","R","T","R","E","?","R","?","R","BOSS","M","?","?","$","?","R","M","E","T","$","?","M","M","E","R","BOSS"],"build_version":"2022-12-18","purchased_purges":2,"victory":true,"max_hp_per_floor":[80,80,80,80,80,80,80,80,80,80,80,80,80,80,80,80,80,80,80,80,80,80,80,80,80,80,80,80,80,80,80,80,80,80,80,80,80,80,80,80,80,80,80,87,87,87,87,87,87,87],"card_choices":[{"not_picked":["Clash","Infernal Blade"],"picked":"Flex","floor":1.0},{"not_picked":["Intimidate","Iron Wave"],"picked":"Combust","floor":3.0},{"not_picked":["Flex","Perfected Strike"],"picked":"True Grit","floor":4.0},{"not_picked":["Armaments","Anger"],"picked":"Battle Trance","floor":7.0},{"not_picked":["Dual Wield","Dark Embrace","Thunderclap"],"picked":"SKIP","floor":10.0},{"not_picked":["Pommel Strike","Wild Strike"],"picked":"Rupture","floor":11.0},{"not_picked":["Body Slam","Armaments"],"picked":"Double Tap","floor":13},{"not_picked":["Offering","Juggernaut"],"picked":"Reaper","floor":16},{"not_picked":["Havoc","Shockwave"],"picked":"Rage","floor":18},{"not_picked":["Iron Wave","Sword Boomerang"],"picked":"Flex","floor":19},{"not_picked":["Havoc+1","Body Slam"],"picked":"Iron Wave","floor":21},{"not_picked":["Perfected Strike","Thunderclap","Twin Strike"],"picked":"SKIP","floor":24},{"not_picked":["Havoc","Sword Boomerang","Headbutt"],"picked":"SKIP","floor":28},{"not_picked":["Immolate","Offering"],"picked":"Bludgeon","floor":33},{"not_picked":["Reckless Charge"],"picked":"SKIP","floor":35},{"not_picked":[],"picked":"Dark Shackles","floor":39},{"not_picked":[],"picked":"Secret Weapon","floor":39},{"not_picked":["Perfected Strike+1"],"picked":"SKIP","floor":41},{"not_picked":["Cleave"],"picked":"SKIP","floor":42},{"not_picked":["Body Slam+1"],"picked":"SKIP","floor":46},{"not_picked":["Flex+1"],"picked":"SKIP","floor":47},{"not_picked":["Hemokinesis+1"],"picked":"SKIP","floor":48}],"player_experience":1183402,"relics_obtained":[{"floor":7.0,"key":"StoneCalendar"},{"floor":9.0,"key":"Self Forming Clay"},{"floor":10.0,"key":"Lizard Tail"},{"floor":13,"key":"Bird Faced Urn"},{"floor":26,"key":"Smiling Mask"},{"floor":28,"key":"Toy Ornithopter"},{"floor":42,"key":"Omamori"},{"floor":43,"key":"Nunchaku"},{"floor":45,"key":"FossilizedHelix"},{"floor":48,"key":"Dead Branch"}],"event_choices":[{"cards_removed":["Strike_R"],"damage_healed":0.0,"max_hp_gain":0.0,"max_hp_loss":0.0,"gold_gain":0.0,"event_name":"The Cleric","player_choice":"Card Removal","floor":5.0,"gold_loss":50.0,"damage_taken":0.0},{"damage_healed":0,"gold_gain":0,"player_choice":"Grow","damage_taken":0,"max_hp_gain":0,"max_hp_loss":0,"event_name":"Living Wall","floor":14,"gold_loss":0,"cards_upgraded":["Rupture"]},{"damage_healed":0,"gold_gain":0,"player_choice":"Paid Gold","damage_taken":0,"relics_obtained":["CeramicFish"],"max_hp_gain":0,"max_hp_loss":0,"event_name":"WeMeetAgain","floor":20,"gold_loss":60},{"damage_healed":0,"gold_gain":0,"player_choice":"Ignored","damage_taken":0,"max_hp_gain":0,"max_hp_loss":0,"event_name":"N\u0027loth","floor":22,"gold_loss":0},{"damage_healed":0,"gold_gain":0,"player_choice":"Forge","damage_taken":0,"max_hp_gain":0,"max_hp_loss":0,"event_name":"Accursed Blacksmith","floor":29,"gold_loss":0,"cards_upgraded":["Rage"]},{"cards_removed":["AscendersBane","Strike_R","Strike_R","Strike_R","Defend_R","Defend_R","Defend_R","Defend_R","Bash","Flex","Cleave","Reckless Charge","Combust","True Grit","Battle Trance","Rupture","Double Tap","Reaper","Rage","Flex","Iron Wave"],"damage_healed":0,"gold_gain":0,"player_choice":"Read","damage_taken":0,"max_hp_gain":0,"max_hp_loss":0,"event_name":"Slimebound:ArtOfSlimeWar","floor":31,"gold_loss":0,"cards_obtained":["Slimebound:Tackle","Slimebound:Tackle","Slimebound:Tackle"]},{"cards_removed":["Defend_R"],"damage_healed":0,"gold_gain":0,"player_choice":"Removed Skill","damage_taken":0,"max_hp_gain":0,"max_hp_loss":0,"event_name":"Falling","floor":36,"gold_loss":0},{"damage_healed":0,"gold_gain":0,"player_choice":"Embrace Madness","damage_taken":10,"max_hp_gain":0,"max_hp_loss":0,"event_name":"Winding Halls","floor":37,"gold_loss":0,"cards_obtained":["Madness","Madness"]},{"damage_healed":0,"gold_gain":0,"player_choice":"Memory 2","damage_taken":5,"max_hp_gain":0,"max_hp_loss":0,"event_name":"SensoryStone","floor":39,"gold_loss":0},{"damage_healed":0,"gold_gain":0,"player_choice":"Fight","damage_taken":0,"max_hp_gain":0,"max_hp_loss":0,"event_name":"MindBloom","floor":45,"gold_loss":0}],"is_beta":false,"boss_relics":[{"not_picked":["Tiny House","Coffee Dripper"],"picked":"Runic Pyramid"},{"not_picked":["Calling Bell","Empty Cage"],"picked":"Busted Crown"}],"items_purged_floors":[12,38],"is_endless":false,"potions_floor_spawned":[3,7,10,11,19,28,33,42,46,48],"ascension_level":10}