{"gold_per_floor":[114,64,76,91,16,44,74,74,101,126,126,126,145,176,176,302,302,323,366,64,78,78,78,117,142,190,203,247,247,285,210,210,210],"floor_reached":33,"playtime":1360,"items_purged":["Strike_R"],"score":321,"play_id":"c2df1ede-a6e8-464a-bdca-808419406512","local_time":"20230101201619","is_ascension_mode":false,"campfire_choices":[{"data":"Bash","floor":8,"key":"SMITH"},{"data":"Rage","floor":11,"key":"SMITH"},{"data":"Flame Barrier","floor":15,"key":"SMITH"},{"data":"Immolate","floor":23,"key":"SMITH"},{"data":"Blood for Blood","floor":32,"key":"SMITH"}],"neow_cost":"NONE","seed_source_timestamp":16093822721800,"circlet_count":0,"master_deck":["Strike_R","Defend_R","Defend_R","Defend_R+1","Defend_R+1","Bash+1","Cleave","Dropkick","Thunderclap","Blood for Blood+1","Impervious","Rage+1","True Grit","Flame Barrier+1","Immolate+1","Hemokinesis","Dropkick+1","Evolve","Flex+1","Bloodletting","Anger","J.A.X.","Metallicize+1"],"relics":["Burning Blood","War Paint","Strawberry","Omamori","Golden Idol","Pen Nib","Cursed Key","Red Mask","Sling","Champion Belt","Red Skull","Dream Catcher","Regal Pillow"],"potions_floor_usage":[6,6,14,18,27,30],"damage_taken":[{"damage":15,"enemies":"Jaw Worm","floor":1,"turns":6},{"damage":2,"enemies":"2 Louse","floor":3,"turns":3},{"damage":2,"enemies":"Small Slimes","floor":4,"turns":3},{"damage":6,"enemies":"Gremlin Nob","floor":6,"turns":3},{"damage":23,"enemies":"3 Sentries","floor":10,"turns":5},{"damage":1,"enemies":"3 Louse","floor":13,"turns":4},{"damage":8,"enemies":"Gremlin Nob","floor":14,"turns":3},{"damage":16,"enemies":"Hexaghost","floor":16,"turns":9},{"damage":0,"enemies":"2 Thieves","floor":18,"turns":2},{"damage":0,"enemies":"Masked Bandits","floor":19,"turns":1},{"damage":2,"enemies":"Chosen","floor":21,"turns":3},{"damage":18,"enemies":"Book of Stabbing","floor":24,"turns":6},{"damage":2,"enemies":"Snake Plant","floor":25,"turns":3},{"damage":8,"enemies":"Snecko","floor":27,"turns":4},{"damage":25,"enemies":"Slavers","floor":28,"turns":4},{"damage":17,"enemies":"Book of Stabbing","floor":30,"turns":4},{"damage":67,"enemies":"Automaton","floor":33,"turns":6}],"seed_played":"-4230479916030170455","potions_obtained":[{"floor":1,"key":"GamblersBrew"},{"floor":3,"key":"GamblersBrew"},{"floor":4,"key":"BlessingOfTheForge"},{"floor":10,"key":"Fire Potion"},{"floor":19,"key":"SteroidPotion"},{"floor":28,"key":"DistilledChaos"}],"is_trial":false,"path_per_floor":["M","?","M","M","$","E","?","R","T","E","R","?","M","E","R","B",null,"M","?","$","M","?","R","E","M","T","M","E","?","E","?","R","B"],"character_chosen":"IRONCLAD","items_purchased":["Blood for Blood","Evolve","Sling"],"campfire_rested":0,"item_purchase_floors":[5,20,20],"current_hp_per_floor":[71,71,75,79,79,79,79,79,86,69,69,48,53,51,51,41,87,87,87,87,87,87,87,75,79,79,77,58,58,47,47,47,0],"gold":210,"neow_bonus":"REMOVE_CARD","is_prod":false,"is_daily":false,"chose_seed":false,"campfire_upgraded":5,"win_rate":0,"timestamp":1672622179,"path_taken":["M","?","M","M","$","E","?","R","T","E","R","?","M","E","R","BOSS","M","?","$","M","?","R","E","M","T","?","E","?","E","?","R","BOSS"],"build_version":"2022-12-18","purchased_purges":1,"victory":false,"max_hp_per_floor":[80,80,80,80,80,80,80,80,87,87,87,87,87,87,87,87,87,87,87,87,87,87,87,87,87,87,87,87,87,87,87,87,87],"card_choices":[{"not_picked":["Intimidate","Dropkick"],"picked":"Cleave","floor":1},{"not_picked":["Wild Strike","Shrug It Off"],"picked":"Dropkick","floor":3},{"not_picked":["Shockwave","Metallicize"],"picked":"Thunderclap","floor":4},{"not_picked":["Clothesline","Body Slam"],"picked":"Impervious","floor":6},{"not_picked":["Dark Embrace","Twin Strike"],"picked":"Rage","floor":10},{"not_picked":["Clash","Headbutt"],"picked":"True Grit","floor":13},{"not_picked":["Clash","Reaper"],"picked":"Flame Barrier","floor":14},{"not_picked":["Reaper","Offering"],"picked":"Immolate","floor":16},{"not_picked":["Flex+1","Intimidate"],"picked":"Hemokinesis","floor":18},{"not_picked":["Pommel Strike","Wild Strike"],"picked":"Dropkick+1","floor":19},{"not_picked":["Headbutt","Hemokinesis+1","Pummel"],"picked":"SKIP","floor":21},{"not_picked":["Havoc","Power Through+1"],"picked":"Flex+1","floor":24},{"not_picked":["Shockwave","Armaments","Wild Strike"],"picked":"SKIP","floor":25},{"not_picked":["Flame Barrier","Feel No Pain"],"picked":"Bloodletting","floor":27},{"not_picked":["Demon Form","Evolve+1"],"picked":"Anger","floor":28},{"not_picked":["Twin Strike","Combust"],"picked":"Metallicize+1","floor":30}],"player_experience":948666,"relics_obtained":[{"floor":6,"key":"War Paint"},{"floor":9,"key":"Strawberry"},{"floor":10,"key":"Omamori"},{"floor":14,"key":"Pen Nib"},{"floor":19,"key":"Red Mask"},{"floor":24,"key":"Champion Belt"},{"floor":26,"key":"Red Skull"},{"floor":28,"key":"Dream Catcher"},{"floor":30,"key":"Regal Pillow"}],"event_choices":[{"cards_removed":["Strike_R"],"damage_healed":0,"gold_gain":0,"player_choice":"Card Removal","damage_taken":0,"max_hp_gain":0,"max_hp_loss":0,"event_name":"The Cleric","floor":2,"gold_loss":50},{"damage_healed":0,"gold_gain":30,"player_choice":"Searched \u00271\u0027 times","damage_taken":0,"max_hp_gain":0,"max_hp_loss":0,"event_name":"Dead Adventurer","floor":7,"gold_loss":0},{"damage_healed":0,"gold_gain":0,"player_choice":"Take Damage","damage_taken":21,"relics_obtained":["Golden Idol"],"max_hp_gain":0,"max_hp_loss":0,"event_name":"Golden Idol","floor":12,"gold_loss":0},{"damage_healed":0,"gold_gain":0,"player_choice":"Fought Bandits","damage_taken":0,"max_hp_gain":0,"max_hp_loss":0,"event_name":"Masked Bandits","floor":19,"gold_loss":0},{"damage_healed":0,"gold_gain":0,"player_choice":"Ignored","damage_taken":0,"max_hp_gain":0,"max_hp_loss":0,"event_name":"Vampires","floor":22,"gold_loss":0},{"damage_healed":0,"gold_gain":0,"player_choice":"Obtain J.A.X.","damage_taken":0,"max_hp_gain":0,"max_hp_loss":0,"event_name":"Drug Dealer","floor":29,"gold_loss":0,"cards_obtained":["J.A.X."]},{"cards_removed":["Strike_R"],"damage_healed":0,"gold_gain":0,"player_choice":"Gave Gold","damage_taken":0,"max_hp_gain":0,"max_hp_loss":0,"event_name":"Beggar","floor":31,"gold_loss":75}],"is_beta":false,"boss_relics":[{"not_picked":["Runic Dome","Snecko Eye"],"picked":"Cursed Key"}],"items_purged_floors":[20],"is_endless":false,"potions_floor_spawned":[1,3,4,10,19,28],"killed_by":"Automaton","ascension_level":0}