{"gold_per_floor":[116,133,144,23,37,37,37,37,62,9,25,58,58,92,92,197,197,212,9,25,42,53,81,81,96,96,96,21,35,35,46,46,148,148,166,14,14,34,11,11,25,60,60,0,25,25,53,63,63,63],"floor_reached":51,"playtime":7843,"items_purged":["Strike_R","Defend_R"],"score":867,"play_id":"b2104ab0-72f6-4849-9aca-8e7d19cced16","local_time":"20221229180517","is_ascension_mode":false,"campfire_choices":[{"data":"Inflame","floor":7.0,"key":"SMITH"},{"data":"Blasphemy","floor":15.0,"key":"SMITH"},{"data":"Armaments","floor":24.0,"key":"SMITH"},{"data":"Double Tap","floor":27.0,"key":"SMITH"},{"data":"Combust","floor":32.0,"key":"SMITH"},{"data":"Iron Wave","floor":40,"key":"SMITH"},{"data":"Pommel Strike","floor":46,"key":"SMITH"},{"floor":49,"key":"REST"}],"neow_cost":"NONE","seed_source_timestamp":1135599618666200,"circlet_count":0,"master_deck":["Strike_R","Strike_R","Defend_R","Defend_R","Bash","Flame Barrier","Pommel Strike+1","Anger","Thunderclap","Perfected Strike","Armaments+1","Combust+1","Blasphemy+1","Reaper","Shrug It Off","Warcry+1","Cleave+1","Double Tap+1","Immolate","Hemokinesis+1","Body Slam","Blood for Blood","Iron Wave+1","Dual Wield+1","Rupture"],"special_seed":0,"relics":["Black Blood","GremlinMask","Dream Catcher","Red Skull","Darkstone Periapt","Sozu","Vajra","Omamori","Kunai","StrikeDummy","Bottled Lightning","Pantograph","Red Mask","Pen Nib","Ancient Tea Set"],"potions_floor_usage":[],"damage_taken":[{"damage":1.0,"enemies":"Cultist","floor":1.0,"turns":3.0},{"damage":5.0,"enemies":"Small Slimes","floor":2.0,"turns":4.0},{"damage":2.0,"enemies":"2 Louse","floor":3.0,"turns":5.0},{"damage":8.0,"enemies":"Exordium Wildlife","floor":5.0,"turns":3.0},{"damage":12.0,"enemies":"Blue Slaver","floor":11.0,"turns":3.0},{"damage":38.0,"enemies":"3 Sentries","floor":12.0,"turns":6.0},{"damage":0.0,"enemies":"Gremlin Nob","floor":14.0,"turns":2.0},{"damage":54.0,"enemies":"The Guardian","floor":16.0,"turns":10.0},{"damage":1.0,"enemies":"Shell Parasite","floor":18.0,"turns":2.0},{"damage":0.0,"enemies":"Spheric Guardian","floor":20.0,"turns":1.0},{"damage":11.0,"enemies":"Snecko","floor":21.0,"turns":4.0},{"damage":6.0,"enemies":"Snake Plant","floor":22.0,"turns":2.0},{"damage":32.0,"enemies":"Gremlin Leader","floor":23.0,"turns":6.0},{"damage":15.0,"enemies":"3 Cultists","floor":25.0,"turns":4.0},{"damage":31.0,"enemies":"Shelled Parasite and Fungi","floor":29.0,"turns":4.0},{"damage":0.0,"enemies":"Cultist and Chosen","floor":31.0,"turns":3.0},{"damage":51,"enemies":"Automaton","floor":33,"turns":8},{"damage":17,"enemies":"3 Shapes","floor":35,"turns":6},{"damage":14,"enemies":"3 Darklings","floor":38,"turns":3},{"damage":3,"enemies":"Sphere and 2 Shapes","floor":41,"turns":1},{"damage":45,"enemies":"Nemesis","floor":42,"turns":5},{"damage":33,"enemies":"Giant Head","floor":45,"turns":6},{"damage":20,"enemies":"Nemesis","floor":47,"turns":3},{"damage":7,"enemies":"Transient","floor":48,"turns":5},{"damage":48,"enemies":"Donu and Deca","floor":50,"turns":3}],"seed_played":"-2625104072974782269","potions_obtained":[{"floor":2.0,"key":"LiquidMemories"},{"floor":3.0,"key":"SpeedPotion"},{"floor":12.0,"key":"SpeedPotion"},{"floor":14.0,"key":"Regen Potion"}],"is_trial":false,"path_per_floor":["M","M","M","$","M","$","R","?","T","$","M","E","?","E","R","B",null,"M","$","M","M","M","E","R","M","T","R","?","M","T","M","R","B",null,"M","$","?","M","$","R","M","E","T","?","E","R","E","M","R","B",null],"character_chosen":"IRONCLAD","items_purchased":["Anger","Perfected Strike","Vajra","Shrug It Off","Body Slam","Iron Wave"],"campfire_rested":1,"item_purchase_floors":[4,10,19,19,36,39],"current_hp_per_floor":[80,80,80,80,78,78,78,78,78,78,72,40,40,46,46,13,80,80,80,80,75,80,54,54,62,62,62,62,37,37,80,80,35,80,75,75,75,78,78,78,80,47,47,47,26,26,18,23,47,36],"gold":63,"neow_bonus":"REMOVE_CARD","is_prod":false,"is_daily":false,"chose_seed":false,"campfire_upgraded":7,"win_rate":0,"timestamp":1672355117,"path_taken":["M","M","M","$","M","?","R","?","T","$","?","E","?","E","R","BOSS","M","$","?","M","M","E","R","?","T","R","?","M","?","M","R","BOSS","M","$","?","?","?","R","M","E","T","?","E","R","E","M","R","BOSS"],"build_version":"2022-12-18","purchased_purges":2,"victory":true,"max_hp_per_floor":[80,80,80,80,80,80,80,80,80,80,80,80,80,80,80,80,80,80,80,80,80,80,80,80,80,80,80,80,80,80,80,80,80,80,80,80,80,80,80,80,80,80,80,80,80,80,80,80,80,80],"card_choices":[{"not_picked":["Thunderclap","Wild Strike"],"picked":"Flame Barrier","floor":1.0},{"not_picked":["Flex","Entrench"],"picked":"Inflame","floor":2.0},{"not_picked":["Wild Strike","Battle Trance"],"picked":"Pommel Strike","floor":3.0},{"not_picked":["True Grit","Infernal Blade"],"picked":"Thunderclap","floor":5.0},{"not_picked":["Body Slam","Clash"],"picked":"Armaments","floor":11.0},{"not_picked":["Warcry","Demon Form"],"picked":"Combust","floor":12.0},{"not_picked":["Armaments","Sentinel","Dual Wield"],"picked":"SKIP","floor":14.0},{"not_picked":["Fiend Fire","Juggernaut"],"picked":"Reaper","floor":16.0},{"not_picked":["Perfected Strike","Bloodletting","Wild Strike"],"picked":"SKIP","floor":18.0},{"not_picked":["Shrug It Off","Sever Soul"],"picked":"Warcry+1","floor":20.0},{"not_picked":["Limit Break","Havoc+1"],"picked":"Cleave+1","floor":21.0},{"not_picked":["Flex","Inflame","Anger"],"picked":"SKIP","floor":22.0},{"not_picked":["Flex","Inflame","Anger"],"picked":"SKIP","floor":22.0},{"not_picked":["Headbutt+1","Flex+1"],"picked":"Double Tap","floor":23.0},{"not_picked":["Armaments+1","Shrug It Off","Twin Strike"],"picked":"SKIP","floor":25.0},{"not_picked":["Armaments","Power Through","Thunderclap+1"],"picked":"SKIP","floor":29.0},{"not_picked":["Armaments+1","Flex+1","Warcry"],"picked":"SKIP","floor":31.0},{"not_picked":["Feed","Demon Form"],"picked":"Immolate","floor":33},{"not_picked":["Combust","Headbutt"],"picked":"Hemokinesis+1","floor":35},{"not_picked":["Feel No Pain","Uppercut","Warcry"],"picked":"SKIP","floor":38},{"not_picked":["Sever Soul","Flame Barrier+1","Wild Strike+1"],"picked":"SKIP","floor":41},{"not_picked":["Sword Boomerang+1","Double Tap"],"picked":"Dual Wield+1","floor":42},{"not_picked":["Pommel Strike+1","Dropkick","Havoc"],"picked":"SKIP","floor":45},{"not_picked":["Clothesline","Dark Embrace","Shockwave"],"picked":"SKIP","floor":47},{"not_picked":["Searing Blow","Dual Wield+1","Pommel Strike+1"],"picked":"SKIP","floor":48},{"not_picked":["Headbutt","Entrench"],"picked":"Rupture","floor":49}],"player_experience":906315,"relics_obtained":[{"floor":9.0,"key":"Dream Catcher"},{"floor":12.0,"key":"Red Skull"},{"floor":14.0,"key":"Darkstone Periapt"},{"floor":23.0,"key":"Omamori"},{"floor":26.0,"key":"Kunai"},{"floor":30.0,"key":"StrikeDummy"},{"floor":42,"key":"Bottled Lightning"},{"floor":43,"key":"Pantograph"},{"floor":45,"key":"Pen Nib"},{"floor":47,"key":"Ancient Tea Set"}],"event_choices":[{"damage_healed":0.0,"max_hp_gain":0.0,"max_hp_loss":0.0,"gold_gain":0.0,"event_name":"FaceTrader","player_choice":"Trade","floor":8.0,"gold_loss":0.0,"damage_taken":0.0,"relics_obtained":["GremlinMask"]},{"cards_removed":["Inflame"],"damage_healed":0.0,"max_hp_gain":0.0,"max_hp_loss":0.0,"gold_gain":0.0,"event_name":"NoteForYourself","player_choice":"Took Card","floor":13.0,"gold_loss":0.0,"damage_taken":0.0,"cards_obtained":["Blasphemy"]},{"cards_removed":["Strike_R"],"damage_healed":0.0,"max_hp_gain":0.0,"max_hp_loss":0.0,"gold_gain":0.0,"event_name":"Beggar","player_choice":"Gave Gold","floor":28.0,"gold_loss":75.0,"damage_taken":0.0},{"damage_healed":0,"gold_gain":0,"cards_transformed":["Defend_R"],"player_choice":"Transformed","damage_taken":0,"max_hp_gain":0,"max_hp_loss":0,"event_name":"Transmorgrifier","floor":37,"gold_loss":0,"cards_obtained":["Blood for Blood"]},{"damage_healed":0,"gold_gain":0,"player_choice":"Paid","damage_taken":0,"relics_obtained":["Red Mask"],"max_hp_gain":0,"max_hp_loss":0,"event_name":"Tomb of Lord Red Mask","floor":44,"gold_loss":60}],"is_beta":false,"boss_relics":[{"not_picked":["Tiny House","Mark of Pain"],"picked":"Sozu"},{"not_picked":["Runic Pyramid","Busted Crown"],"picked":"Black Blood"}],"items_purged_floors":[4,36],"is_endless":false,"potions_floor_spawned":[2,3,12,14,18,23,25,33,35,42,47,48],"ascension_level":0}