{"gold_per_floor":[116,128,146,161,178,178,212,212,212,68,83,83,115,129,129,231,231,241,516,533,553,567,567,586,602,602,602,619,633,667,667,667,762,762,782,794,2,13,30,62,73,123,149,149,178,178,197,197,197,197],"floor_reached":51,"playtime":1764,"items_purged":[],"score":1172,"play_id":"daebc504-3771-4ede-bb91-b33931880f14","local_time":"20230101165449","is_ascension_mode":false,"campfire_choices":[{"data":"Hyperbeam","floor":6,"key":"SMITH"},{"data":"Apotheosis","floor":8,"key":"SMITH"},{"data":"Second Wind","floor":12,"key":"SMITH"},{"data":"Venomology","floor":15,"key":"SMITH"},{"data":"Offering","floor":23,"key":"SMITH"},{"data":"Gash","floor":27,"key":"SMITH"},{"floor":32,"key":"REST"},{"floor":44,"key":"REST"},{"data":"Venomology","floor":46,"key":"SMITH"},{"data":"Venomology","floor":49,"key":"SMITH"}],"neow_cost":"","seed_source_timestamp":0,"circlet_count":0,"master_deck":["Apotheosis+1","Venomology","Venomology","Venomology+1","Venomology+1","Venomology+1","Second Wind","Power Through","Sentinel","Second Wind+1","Impervious","Offering+1","Hyperbeam+1","Gash","Gash","Gash","Gash","Gash+1","Disarm","Regret","Body Slam+1","Fiend Fire","Feel No Pain"],"relics":["SacredBark","White Beast Statue","SacredBark","Potion Belt","Potion Belt","SacredBark","Potion Belt","SacredBark","Potion Belt","SacredBark","Potion Belt","Potion Belt","Potion Belt","Potion Belt","SacredBark","SacredBark","Potion Belt","SacredBark","Potion Belt"],"potions_floor_usage":[2,4,7,11,11,13,13,14,14,16,16,16,16,18,20,21,21,22,22,22,22,24,24,24,25,25,28,29,30,30,33,33,35,35,36,36,38,38,38,39,40,40,41,41,41,41,42,45,45,45,45,45,45,47,50,50],"damage_taken":[{"damage":6,"enemies":"Cultist","floor":1,"turns":3},{"damage":0,"enemies":"Small Slimes","floor":2,"turns":2},{"damage":0,"enemies":"2 Louse","floor":3,"turns":1},{"damage":0,"enemies":"Large Slime","floor":4,"turns":2},{"damage":0,"enemies":"2 Fungi Beasts","floor":5,"turns":1},{"damage":6,"enemies":"Gremlin Nob","floor":7,"turns":1},{"damage":0,"enemies":"3 Louse","floor":11,"turns":1},{"damage":0,"enemies":"3 Sentries","floor":13,"turns":1},{"damage":0,"enemies":"Lots of Slimes","floor":14,"turns":2},{"damage":0,"enemies":"The Guardian","floor":16,"turns":2},{"damage":0,"enemies":"Shell Parasite","floor":18,"turns":1},{"damage":0,"enemies":"2 Thieves","floor":20,"turns":1},{"damage":12,"enemies":"Centurion and Healer","floor":21,"turns":7},{"damage":0,"enemies":"Cultist and Chosen","floor":22,"turns":1},{"damage":10,"enemies":"Shelled Parasite and Fungi","floor":24,"turns":2},{"damage":0,"enemies":"3 Cultists","floor":25,"turns":2},{"damage":0,"enemies":"Snake Plant","floor":28,"turns":1},{"damage":1,"enemies":"Shelled Parasite and Fungi","floor":29,"turns":2},{"damage":6,"enemies":"Gremlin Leader","floor":30,"turns":3},{"damage":0,"enemies":"Automaton","floor":33,"turns":1},{"damage":7,"enemies":"3 Shapes","floor":35,"turns":3},{"damage":0,"enemies":"Orb Walker","floor":36,"turns":1},{"damage":6,"enemies":"Spire Growth","floor":38,"turns":3},{"damage":6,"enemies":"Writhing Mass","floor":39,"turns":1},{"damage":0,"enemies":"Giant Head","floor":40,"turns":1},{"damage":6,"enemies":"4 Shapes","floor":41,"turns":4},{"damage":0,"enemies":"Mind Bloom Boss Battle","floor":42,"turns":1},{"damage":6,"enemies":"Reptomancer","floor":45,"turns":3},{"damage":6,"enemies":"Spire Growth","floor":47,"turns":4},{"damage":0,"enemies":"Donu and Deca","floor":50,"turns":1}],"seed_played":"5551831427371269944","potions_obtained":[{"floor":1,"key":"AttackPotion"},{"floor":2,"key":"FairyPotion"},{"floor":3,"key":"HeartOfIron"},{"floor":5,"key":"Fire Potion"},{"floor":7,"key":"Ancient Potion"},{"floor":11,"key":"SteroidPotion"},{"floor":13,"key":"Ancient Potion"},{"floor":14,"key":"LiquidBronze"},{"floor":16,"key":"Fire Potion"},{"floor":18,"key":"ColorlessPotion"},{"floor":20,"key":"Weak Potion"},{"floor":22,"key":"CultistPotion"},{"floor":24,"key":"EssenceOfSteel"},{"floor":28,"key":"FearPotion"},{"floor":30,"key":"Strength Potion"},{"floor":33,"key":"BloodPotion"},{"floor":35,"key":"DistilledChaos"},{"floor":36,"key":"Block Potion"},{"floor":38,"key":"Fire Potion"},{"floor":39,"key":"SteroidPotion"},{"floor":40,"key":"Energy Potion"},{"floor":41,"key":"PowerPotion"},{"floor":42,"key":"Swift Potion"},{"floor":45,"key":"SpeedPotion"},{"floor":47,"key":"Dexterity Potion"}],"is_trial":true,"path_per_floor":["M","M","M","M","M","R","E","R","T","$","M","R","E","M","R","B",null,"M","?","M","M","M","R","M","M","T","R","M","M","E","?","R","B",null,"M","M","$","M","M","E","M","?","T","R","E","R","M","?","R","B",null],"character_chosen":"IRONCLAD","items_purchased":["Potion Belt","Potion Belt","HeartOfIron","Block Potion","Potion Belt","SacredBark"],"campfire_rested":2,"item_purchase_floors":[10,37,37,37,37,37],"current_hp_per_floor":[74,74,74,74,74,74,68,68,68,68,68,68,68,68,68,68,80,80,80,80,68,80,80,70,80,80,80,80,79,73,73,80,80,80,73,73,73,80,74,74,68,68,68,80,74,74,68,68,68,68],"gold":197,"neow_bonus":"","is_prod":false,"is_daily":false,"chose_seed":false,"campfire_upgraded":8,"win_rate":0,"timestamp":1672610089,"path_taken":["M","M","M","?","M","R","E","R","T","$","?","R","E","M","R","BOSS","M","?","M","M","M","R","M","M","T","R","?","?","E","?","R","BOSS","M","M","$","M","M","E","M","?","T","R","E","R","M","?","R","BOSS"],"build_version":"2022-12-18","purchased_purges":0,"victory":true,"max_hp_per_floor":[80,80,80,80,80,80,80,80,80,80,80,80,80,80,80,80,80,80,80,80,80,80,80,80,80,80,80,80,80,80,80,80,80,80,80,80,80,80,80,80,80,80,80,80,80,80,80,80,80,80],"card_choices":[{"not_picked":["Clothesline","Pummel"],"picked":"Disarm","floor":1},{"not_picked":["Rampage","Clash","Fire Breathing"],"picked":"SKIP","floor":2},{"not_picked":["Wild Strike","Flame Barrier","Dual Wield"],"picked":"SKIP","floor":3},{"not_picked":["Shockwave","Havoc","Clothesline"],"picked":"SKIP","floor":4},{"not_picked":["Twin Strike","Entrench","Shrug It Off"],"picked":"SKIP","floor":5},{"not_picked":["Armaments","Immolate","Headbutt"],"picked":"SKIP","floor":7},{"not_picked":["Heavy Blade","Anger","Inflame"],"picked":"SKIP","floor":11},{"not_picked":["Headbutt","Evolve","Twin Strike"],"picked":"SKIP","floor":13},{"not_picked":["Twin Strike","Iron Wave","Flex"],"picked":"SKIP","floor":14},{"not_picked":["Havoc","Iron Wave","Clash"],"picked":"SKIP","floor":18},{"not_picked":["Twin Strike","Warcry","Flex+1"],"picked":"SKIP","floor":20},{"not_picked":["Bloodletting+1","Anger","Hemokinesis+1"],"picked":"SKIP","floor":21},{"not_picked":["Havoc","Burning Pact","Combust"],"picked":"SKIP","floor":22},{"not_picked":["True Grit","Twin Strike","Wild Strike"],"picked":"SKIP","floor":24},{"not_picked":["Perfected Strike","Second Wind","Flex+1"],"picked":"SKIP","floor":25},{"not_picked":["Seeing Red+1","Wild Strike","Uppercut+1"],"picked":"SKIP","floor":28},{"not_picked":["Anger","Warcry","Shockwave"],"picked":"SKIP","floor":29},{"not_picked":["Perfected Strike","Flex+1"],"picked":"Body Slam+1","floor":30},{"not_picked":["Reaper","Impervious"],"picked":"Fiend Fire","floor":33},{"not_picked":["Pommel Strike","Thunderclap+1"],"picked":"Feel No Pain","floor":35},{"not_picked":["Warcry","True Grit","Rupture+1"],"picked":"SKIP","floor":36},{"not_picked":["Iron Wave","Corruption","Havoc"],"picked":"SKIP","floor":38},{"not_picked":["Clash+1","Body Slam+1","Armaments+1"],"picked":"SKIP","floor":39},{"not_picked":["Body Slam","Wild Strike+1","Blood for Blood"],"picked":"SKIP","floor":40},{"not_picked":["Pommel Strike","Burning Pact","Sword Boomerang"],"picked":"SKIP","floor":41},{"not_picked":["Clash","Thunderclap+1","Rupture"],"picked":"SKIP","floor":45},{"not_picked":["Pommel Strike+1","Feel No Pain","Havoc"],"picked":"SKIP","floor":47}],"player_experience":946277,"relics_obtained":[{"floor":7,"key":"Potion Belt"},{"floor":9,"key":"SacredBark"},{"floor":13,"key":"SacredBark"},{"floor":26,"key":"SacredBark"},{"floor":30,"key":"Potion Belt"},{"floor":40,"key":"SacredBark"},{"floor":42,"key":"Potion Belt"},{"floor":43,"key":"SacredBark"},{"floor":45,"key":"Potion Belt"}],"event_choices":[{"damage_healed":0,"gold_gain":275,"player_choice":"Desecrate","damage_taken":0,"max_hp_gain":0,"max_hp_loss":0,"event_name":"Golden Shrine","floor":19,"gold_loss":0,"cards_obtained":["Regret"]},{"damage_healed":0,"gold_gain":0,"player_choice":"Read","damage_taken":0,"max_hp_gain":0,"max_hp_loss":0,"event_name":"The Library","floor":31,"gold_loss":0,"cards_obtained":["Corruption"]},{"damage_healed":0,"gold_gain":0,"player_choice":"Fight","damage_taken":0,"max_hp_gain":0,"max_hp_loss":0,"event_name":"MindBloom","floor":42,"gold_loss":0},{"cards_removed":["Corruption"],"damage_healed":0,"gold_gain":0,"player_choice":"Removed Power","damage_taken":0,"max_hp_gain":0,"max_hp_loss":0,"event_name":"Falling","floor":48,"gold_loss":0}],"is_beta":false,"boss_relics":[{"not_picked":["SacredBark","Potion Belt"],"picked":"Potion Belt"},{"not_picked":["SacredBark","SacredBark"],"picked":"Potion Belt"}],"items_purged_floors":[],"is_endless":false,"potions_floor_spawned":[1,2,3,4,5,7,11,13,14,16,18,20,21,22,24,25,28,29,30,33,35,36,38,39,40,41,42,45,47],"ascension_level":0}