{"gold_per_floor":[116,126,146,161,177,177,211,222,222,251,271,285,297,315,315,416,416,428,428,275,275,275,275,3,33,57,69,81,94,94,128,128,227,227,246,96,106,156,167,196,196,207,207,207,235,246,262,296,296,296],"floor_reached":51,"playtime":3663,"items_purged":["Strike_R","Defend_R","Run Through","Defend_R"],"score":1070,"play_id":"bf6f6764-e322-47fb-ade3-9b075677f19e","local_time":"20221228213837","is_ascension_mode":false,"campfire_choices":[{"data":"Life Link","floor":6,"key":"SMITH"},{"data":"Defend_R","floor":15,"key":"SMITH"},{"data":"Massacre","floor":23,"key":"SMITH"},{"data":"Pot Of Greed","floor":30,"key":"SMITH"},{"data":"Pot Of Greed","floor":41,"key":"SMITH"},{"floor":49,"key":"REST"}],"neow_cost":"","seed_source_timestamp":1067236027526000,"circlet_count":0,"master_deck":["Defend_R+1","Bash","Fiend Fire","Wild Strike","Dark Shackles","Flame Barrier","Life Link+1","Cleave","Massacre+1","Shrug It Off","Spot Weakness","Combust+1","Carnage+1","ReplayTheSpireMod:Strike From Hell+1","ReplayTheSpireMod:Stacked","Offering","Defy Death","Run Through+1","Pot Of Greed+1","Pot Of Greed+1","Rupture+1","Heavy Blade+1","Massacre+1","Second Wind","Pot Of Greed+1","Hemokinesis+1","Iron Wave+1","Offering","Massacre+1","Iron Wave+1","ReplayTheSpireMod:Limb From Limb+1","Clash+1"],"relics":["Burning Blood","moreChoices:MoreCardChoices","MealTicket","Molten Egg 2","Frozen Egg 2","Empty Cage","Guardian:PocketSentry","Brimstone","Grinning Jar","Red Skull","Replay:Baseball","energizedSpire:RottingSkull","Lizard Tail","ReplayFunnel","Iron Hammer","ReplayTheSpireMod:Lightbulb","Replay:Bottled Steam"],"potions_floor_usage":[5,7,10,16,16,18,33,40,45,50,50],"damage_taken":[{"damage":1,"enemies":"Cultist","floor":1,"turns":4},{"damage":1,"enemies":"Jaw Worm","floor":2,"turns":3},{"damage":0,"enemies":"Small Slimes","floor":3,"turns":3},{"damage":10,"enemies":"3 Louse","floor":4,"turns":3},{"damage":9,"enemies":"2 Fungi Beasts","floor":5,"turns":2},{"damage":11,"enemies":"Replay:BlueRogue","floor":7,"turns":6},{"damage":0,"enemies":"Looter","floor":8,"turns":2},{"damage":10,"enemies":"3 Sentries","floor":10,"turns":8},{"damage":5,"enemies":"Red Slaver","floor":11,"turns":2},{"damage":9,"enemies":"Blue Slaver","floor":12,"turns":3},{"damage":0,"enemies":"Exordium Wildlife","floor":13,"turns":3},{"damage":13,"enemies":"Red Slaver","floor":14,"turns":3},{"damage":0,"enemies":"Slime Boss","floor":16,"turns":5},{"damage":8,"enemies":"Chosen","floor":18,"turns":4},{"damage":35,"enemies":"Slavers","floor":25,"turns":4},{"damage":5,"enemies":"2 Thieves","floor":27,"turns":2},{"damage":6,"enemies":"Sentry and Sphere","floor":28,"turns":2},{"damage":12,"enemies":"Snake Plant","floor":29,"turns":2},{"damage":0,"enemies":"Gremlin Leader","floor":31,"turns":3},{"damage":34,"enemies":"Pondfish","floor":33,"turns":4},{"damage":15,"enemies":"Orb Walker","floor":35,"turns":2},{"damage":6,"enemies":"3 Shapes","floor":37,"turns":2},{"damage":9,"enemies":"Mind Bloom Boss Battle","floor":38,"turns":4},{"damage":6,"enemies":"Jaw Worm Horde","floor":39,"turns":1},{"damage":50,"enemies":"Giant Head","floor":40,"turns":6},{"damage":14,"enemies":"Spire Growth","floor":42,"turns":3},{"damage":25,"enemies":"Reptomancer","floor":45,"turns":3},{"damage":9,"enemies":"Sphere and 2 Shapes","floor":46,"turns":3},{"damage":21,"enemies":"3 Darklings","floor":47,"turns":3},{"damage":8,"enemies":"Nemesis","floor":48,"turns":1},{"damage":18,"enemies":"Time Eater","floor":50,"turns":5}],"seed_played":"2059090043429789502","potions_obtained":[{"floor":2,"key":"Dexterity Potion"},{"floor":4,"key":"AttackPotion"},{"floor":7,"key":"Languid Potion"},{"floor":10,"key":"PowerPotion"},{"floor":11,"key":"Milkshake"},{"floor":14,"key":"Elixir"},{"floor":16,"key":"Dexterity Potion"},{"floor":27,"key":"hexamod:SoulburnPotion"},{"floor":29,"key":"Guardian:BlockOnCardUsePotion"},{"floor":37,"key":"LiquidMemories"},{"floor":45,"key":"expansioncontent:BossPotion"},{"floor":47,"key":"LifebloodPotion"}],"is_trial":false,"path_per_floor":["M","M","M","M","M","R","E","M","T","E","M","M","M","M","R","B",null,"M","?","$","?","?","R","$","E","T","M","M","M","R","E","R_BF","B",null,"M","$","M","?","M","E","R","M","T","?","E","M","M","E","R","B",null],"character_chosen":"IRONCLAD","items_purchased":["Fiend Fire","Wild Strike","Dark Shackles","Run Through+1","Brimstone"],"campfire_rested":1,"item_purchase_floors":[0,0,0,20,24],"current_hp_per_floor":[74,79,80,76,73,73,68,74,74,70,71,68,74,67,67,73,80,78,78,80,80,80,80,80,51,51,52,52,46,46,52,52,24,80,71,80,80,77,77,33,33,25,25,25,46,43,28,26,50,38],"gold":296,"neow_bonus":"","is_prod":false,"is_daily":false,"chose_seed":false,"campfire_upgraded":5,"win_rate":0,"timestamp":1672281517,"path_taken":["M","?","M","M","M","R","E","M","T","E","M","M","M","M","R","BOSS","M","?","$","?","?","R","$","E","T","M","M","M","R","E","R_BF","BOSS","M","$","M","?","M","E","R","M","T","?","E","M","?","E","R","BOSS"],"build_version":"2022-12-18","purchased_purges":4,"victory":true,"max_hp_per_floor":[80,80,80,80,80,80,80,80,80,80,80,80,80,80,80,80,80,80,80,80,80,80,80,80,80,80,80,80,80,80,80,80,80,80,80,80,80,80,80,80,80,80,80,80,80,80,80,80,80,80],"card_choices":[{"not_picked":["Reckless Charge","Anger","ReplayTheSpireMod:Limb From Limb","Shrug It Off"],"picked":"Run Through","floor":1},{"not_picked":["Sword Boomerang","Body Slam","Havoc","Anger"],"picked":"Flame Barrier","floor":2},{"not_picked":["Metallicize","Wild Strike","Run Through","Clash"],"picked":"Life Link","floor":3},{"not_picked":["Sword Boomerang","Barricade","Intimidate","Massacre"],"picked":"Cleave","floor":4},{"not_picked":["ReplayTheSpireMod:Limb From Limb","True Grit","Seeing Red","Flex"],"picked":"Massacre","floor":5},{"not_picked":["Clothesline","Shrug It Off","Rupture","Carnage"],"picked":"Flex","floor":7},{"not_picked":["ReplayTheSpireMod:Corrosion Curse","Anger","Eclipse","Searing Blow"],"picked":"Shrug It Off","floor":8},{"not_picked":["Shrug It Off","Body Slam+1","Sever Soul+1","Flex"],"picked":"Spot Weakness","floor":10},{"not_picked":["Anger+1","Iron Wave+1","Searing Blow+1","Rampage+1"],"picked":"Combust+1","floor":11},{"not_picked":["Run Through+1","Armaments","Pommel Strike+1","Body Slam+1"],"picked":"Carnage+1","floor":12},{"not_picked":["Sever Soul+1","ReplayTheSpireMod:Corrosion Curse","Seeing Red","Flex"],"picked":"ReplayTheSpireMod:Strike From Hell+1","floor":13},{"not_picked":["Burning Pact","Disarm","Reaper+1","Power Through"],"picked":"ReplayTheSpireMod:Stacked","floor":14},{"not_picked":["Double Tap","Eclipse","Juggernaut+1","Bludgeon+1"],"picked":"Offering","floor":16},{"not_picked":["Shrug It Off","Clash+1","Havoc","Perfected Strike+1"],"picked":"Defy Death","floor":18},{"not_picked":["Havoc","Clash+1","Iron Wave+1","ReplayTheSpireMod:Stacked"],"picked":"Rupture+1","floor":25},{"not_picked":["Clothesline+1","Whirlwind+1","Wild Strike+1","Twin Strike+1"],"picked":"Heavy Blade+1","floor":27},{"not_picked":["Armaments","Replay:Undeath\u0027s Touch+1","Twin Strike+1","Warcry+1"],"picked":"Massacre+1","floor":28},{"not_picked":["ReplayTheSpireMod:Muscle Training","Wild Strike+1","Double Tap","Thunderclap+1"],"picked":"Second Wind","floor":29},{"not_picked":["Heavy Blade+1","ReplayTheSpireMod:Limb From Limb+1","Twin Strike+1","Reckless Charge+1"],"picked":"Hemokinesis+1","floor":31},{"not_picked":["Demonic Infusion","Eclipse","Juggernaut+1","Replay:Many Hands"],"picked":"Offering","floor":33},{"not_picked":["Flame Barrier+1","Wild Strike+1","Feel No Pain+1","Pommel Strike+1"],"picked":"Massacre+1","floor":35},{"not_picked":["ReplayReversal+1","Wild Strike+1","Armaments+1","Perfected Strike+1","Flex"],"picked":"SKIP","floor":37},{"not_picked":["Armaments+1","Evolve+1","Reckless Charge+1","Pommel Strike+1","Fire Breathing+1"],"picked":"SKIP","floor":39},{"not_picked":["Reckless Charge+1","Twin Strike+1","Pommel Strike+1","Bludgeon+1","Headbutt+1"],"picked":"SKIP","floor":40},{"not_picked":["Anger+1","Cleave+1","ReplayTheSpireMod:Stacked+1","Pommel Strike+1"],"picked":"Iron Wave+1","floor":42},{"not_picked":["Run Through+1","Defy Death","Shockwave+1","Clothesline+1","Sword Boomerang+1"],"picked":"SKIP","floor":45},{"not_picked":["ReplayTheSpireMod:Stacked+1","Replay:Many Hands","Havoc","Heavy Blade+1"],"picked":"ReplayTheSpireMod:Limb From Limb+1","floor":46},{"not_picked":["Wild Strike+1","Thunderclap+1","Twin Strike+1","Shockwave"],"picked":"Clash+1","floor":47},{"not_picked":["Eclipse","Body Slam+1","ReplayTheSpireMod:Strike From Hell+1","Perfected Strike+1","Run Through+1"],"picked":"SKIP","floor":48}],"player_experience":1158181,"relics_obtained":[{"floor":7,"key":"MealTicket"},{"floor":9,"key":"Molten Egg 2"},{"floor":10,"key":"Frozen Egg 2"},{"floor":25,"key":"Grinning Jar"},{"floor":26,"key":"Red Skull"},{"floor":31,"key":"Replay:Baseball"},{"floor":38,"key":"Lizard Tail"},{"floor":40,"key":"ReplayFunnel"},{"floor":43,"key":"Iron Hammer"},{"floor":45,"key":"ReplayTheSpireMod:Lightbulb"},{"floor":48,"key":"Replay:Bottled Steam"}],"event_choices":[{"cards_removed":["Flex"],"damage_healed":0,"gold_gain":0,"player_choice":"Gave Card","damage_taken":0,"relics_obtained":["Guardian:PocketSentry"],"max_hp_gain":0,"max_hp_loss":0,"event_name":"WeMeetAgain","floor":19,"gold_loss":0},{"cards_removed":["Strike_R"],"damage_healed":0,"gold_gain":0,"player_choice":"Offered Basic","damage_taken":0,"max_hp_gain":0,"max_hp_loss":0,"event_name":"Bonfire Elementals","floor":21,"gold_loss":0},{"cards_removed":["Strike_R"],"damage_healed":0,"gold_gain":0,"player_choice":"Purged","damage_taken":0,"max_hp_gain":0,"max_hp_loss":0,"event_name":"Purifier","floor":22,"gold_loss":0},{"damage_healed":0,"gold_gain":0,"player_choice":"Fight","damage_taken":0,"max_hp_gain":0,"max_hp_loss":0,"event_name":"MindBloom","floor":38,"gold_loss":0},{"damage_healed":0,"gold_gain":0,"player_choice":"Upgraded","damage_taken":0,"max_hp_gain":0,"max_hp_loss":0,"event_name":"Upgrade Shrine","floor":44,"gold_loss":0,"cards_upgraded":["Pot Of Greed"]}],"is_beta":false,"boss_relics":[{"not_picked":["Velvet Choker","energizedSpire:EnergizedDie"],"picked":"Empty Cage"},{"not_picked":["energizedSpire:MagnifyingGlass","energizedSpire:HugeHouse"],"picked":"energizedSpire:RottingSkull"}],"items_purged_floors":[0,20,24,36],"is_endless":false,"potions_floor_spawned":[2,4,7,10,11,14,16,27,29,37,38,39,45,47],"ascension_level":0}