{"gold_per_floor":[116,116,126,138,152,152,186,186,186,186,200,18,47,58,58,157,157,173,173,192,22,47,47,75,75,98,98,24,39,82,109,109,109],"floor_reached":33,"playtime":2527,"items_purged":["Strike_R"],"score":443,"play_id":"22d3a73c-b682-43e3-b838-d77b80cdea29","local_time":"20221230225753","is_ascension_mode":true,"campfire_choices":[{"data":"True Grit","floor":6,"key":"SMITH"},{"floor":15,"key":"REST"},{"data":"Enlightenment","floor":23,"key":"SMITH"},{"floor":25,"key":"REST"},{"floor":32,"key":"REST"}],"neow_cost":"NONE","seed_source_timestamp":1245861819076500,"circlet_count":0,"master_deck":["AscendersBane","Strike_R+1","Strike_R+1","Defend_R","Defend_R","Defend_R+1","Defend_R+1","Bash","Anger","True Grit+1","Havoc+1","Evolve","Dropkick+1","Feel No Pain","Blood for Blood","Reaper","Uppercut","Feed","Iron Wave","Enlightenment+1","Feel No Pain","Wild Strike+1","Hemokinesis","Feed","Battle Trance+1","Rage+1"],"relics":["Burning Blood","Whetstone","Letter Opener","PreservedInsect","Turnip","Cursed Key","Red Mask","War Paint","Regal Pillow","CeramicFish"],"potions_floor_usage":[7,7,11,13,13,16,30,31],"damage_taken":[{"damage":7,"enemies":"Jaw Worm","floor":1,"turns":3},{"damage":0,"enemies":"2 Louse","floor":3,"turns":4},{"damage":0,"enemies":"Cultist","floor":4,"turns":3},{"damage":19,"enemies":"Large Slime","floor":5,"turns":6},{"damage":31,"enemies":"Lagavulin","floor":7,"turns":7},{"damage":4,"enemies":"2 Fungi Beasts","floor":11,"turns":3},{"damage":17,"enemies":"3 Sentries","floor":13,"turns":6},{"damage":4,"enemies":"Blue Slaver","floor":14,"turns":5},{"damage":27,"enemies":"Hexaghost","floor":16,"turns":8},{"damage":12,"enemies":"Chosen","floor":18,"turns":4},{"damage":27,"enemies":"Shell Parasite","floor":20,"turns":6},{"damage":30,"enemies":"Masked Bandits","floor":22,"turns":5},{"damage":43,"enemies":"Book of Stabbing","floor":24,"turns":6},{"damage":22,"enemies":"Centurion and Healer","floor":29,"turns":8},{"damage":22,"enemies":"Slavers","floor":30,"turns":3},{"damage":17,"enemies":"Snecko","floor":31,"turns":6},{"damage":90,"enemies":"Champ","floor":33,"turns":13}],"seed_played":"-8196161270959827051","potions_obtained":[{"floor":1,"key":"DuplicationPotion"},{"floor":5,"key":"LiquidBronze"},{"floor":7,"key":"Weak Potion"},{"floor":10,"key":"DuplicationPotion"},{"floor":10,"key":"SkillPotion"},{"floor":13,"key":"PowerPotion"},{"floor":20,"key":"FairyPotion"},{"floor":29,"key":"Explosive Potion"},{"floor":30,"key":"Dexterity Potion"}],"is_trial":false,"path_per_floor":["M","?","M","M","M","R","E","?","T","?","M","$","E","M","R","B",null,"M","?","M","$","?","R","E","R","T","?","$","M","E","M","R","B"],"character_chosen":"IRONCLAD","items_purchased":["PreservedInsect","Blood for Blood","Enlightenment","Hemokinesis"],"campfire_rested":3,"item_purchase_floors":[12,12,21,28],"current_hp_per_floor":[71,55,61,67,54,54,29,22,22,22,24,24,13,21,45,24,66,60,60,40,40,24,24,19,43,43,43,43,35,34,32,73,0],"gold":109,"neow_bonus":"TRANSFORM_CARD","is_prod":false,"is_daily":false,"chose_seed":false,"campfire_upgraded":2,"win_rate":0,"timestamp":1672459073,"path_taken":["M","?","M","M","M","R","E","?","T","?","?","$","E","M","R","BOSS","M","?","M","$","?","R","E","R","T","?","$","M","E","M","R","BOSS"],"build_version":"2022-12-18","purchased_purges":1,"victory":false,"max_hp_per_floor":[80,80,80,80,80,80,80,80,80,80,80,80,80,80,80,80,80,80,80,80,80,80,80,83,83,83,83,83,83,86,89,89,89],"card_choices":[{"not_picked":["Burning Pact","Anger"],"picked":"True Grit","floor":1},{"not_picked":["Rupture","Fire Breathing"],"picked":"Havoc","floor":3},{"not_picked":["Clothesline","Blood for Blood"],"picked":"Evolve","floor":4},{"not_picked":["Wild Strike","True Grit"],"picked":"Dropkick","floor":5},{"not_picked":["Armaments","Twin Strike","Warcry"],"picked":"SKIP","floor":7},{"not_picked":["Clash","Havoc"],"picked":"Feel No Pain","floor":11},{"not_picked":["Rupture","Shrug It Off"],"picked":"Reaper","floor":13},{"not_picked":["Dropkick","True Grit"],"picked":"Uppercut","floor":14},{"not_picked":["Demon Form","Berserk"],"picked":"Feed","floor":16},{"not_picked":["Cleave","Havoc"],"picked":"Iron Wave","floor":18},{"not_picked":["Twin Strike","Havoc","Perfected Strike+1"],"picked":"SKIP","floor":20},{"not_picked":["Armaments+1","Rampage"],"picked":"Feel No Pain","floor":22},{"not_picked":["Pommel Strike","Armaments"],"picked":"Wild Strike+1","floor":24},{"not_picked":["Fire Breathing","Clothesline"],"picked":"Feed","floor":29},{"not_picked":["Perfected Strike","Iron Wave"],"picked":"Battle Trance+1","floor":30},{"not_picked":["Headbutt","Bloodletting"],"picked":"Rage+1","floor":31}],"player_experience":1187647,"relics_obtained":[{"floor":7,"key":"Whetstone"},{"floor":9,"key":"Letter Opener"},{"floor":13,"key":"Turnip"},{"floor":22,"key":"Red Mask"},{"floor":24,"key":"War Paint"},{"floor":26,"key":"Regal Pillow"},{"floor":30,"key":"CeramicFish"}],"event_choices":[{"damage_healed":0,"gold_gain":0,"player_choice":"Entered Light","damage_taken":16,"max_hp_gain":0,"max_hp_loss":0,"event_name":"Shining Light","floor":2,"gold_loss":0,"cards_upgraded":["Strike_R","Defend_R"]},{"cards_removed":["Strike_R"],"damage_healed":0,"gold_gain":0,"player_choice":"Card Removal","damage_taken":7,"max_hp_gain":0,"max_hp_loss":0,"event_name":"Golden Wing","floor":8,"gold_loss":0},{"damage_healed":0,"gold_gain":0,"player_choice":"Got Potions","damage_taken":0,"max_hp_gain":0,"max_hp_loss":0,"event_name":"Lab","floor":10,"gold_loss":0},{"damage_healed":0,"gold_gain":0,"player_choice":"Fought Bandits","damage_taken":0,"max_hp_gain":0,"max_hp_loss":0,"event_name":"Masked Bandits","floor":22,"gold_loss":0},{"cards_removed":["Regret"],"damage_healed":0,"gold_gain":0,"player_choice":"Elegance","damage_taken":0,"max_hp_gain":0,"max_hp_loss":0,"event_name":"Back to Basics","floor":27,"gold_loss":0}],"is_beta":false,"boss_relics":[{"not_picked":["bronze:MakeshiftBattery","Tiny House"],"picked":"Cursed Key"}],"items_purged_floors":[21],"is_endless":false,"potions_floor_spawned":[1,5,7,13,20,29,30],"killed_by":"Champ","ascension_level":10}