{"gold_per_floor":[117,141,0,0,15,50,62,62,62,62,62,79,105,124,124,200,200,215,38,9,20,20,20,20],"floor_reached":24,"playtime":858,"items_purged":["Defend_R"],"score":708,"play_id":"b9216721-324f-4ccf-be90-3e6b062e626e","local_time":"20230102120804","is_ascension_mode":true,"campfire_choices":[{"floor":8,"key":"REST"},{"data":"Enlightenment","floor":10,"key":"SMITH"},{"data":"Flame Barrier","floor":15,"key":"SMITH"},{"data":"Warcry","floor":23,"key":"SMITH"}],"neow_cost":"","seed_source_timestamp":73698915227700,"circlet_count":0,"master_deck":["AscendersBane","Strike_R","Strike_R","Strike_R","Strike_R","Defend_R","Defend_R","Defend_R","Bash","Whirlwind","Shrug It Off","Enlightenment+1","Shockwave","Cleave","Iron Wave","Hemokinesis","Flame Barrier+1","Thunderclap","Offering","Havoc","Warcry+1","Shrug It Off","Warcry"],"relics":["Burning Blood","moreChoices:MoreCardChoices","Shuriken","Akabeko","StrikeDummy","Paper Frog","Vajra","Runic Pyramid"],"potions_floor_usage":[13,16,16,18],"damage_taken":[{"damage":6,"enemies":"Cultist","floor":1,"turns":3},{"damage":10,"enemies":"2 Louse","floor":5,"turns":3},{"damage":40,"enemies":"Lagavulin","floor":6,"turns":8},{"damage":7,"enemies":"Jaw Worm","floor":7,"turns":2},{"damage":10,"enemies":"Blue Slaver","floor":12,"turns":2},{"damage":25,"enemies":"Gremlin Nob","floor":13,"turns":4},{"damage":2,"enemies":"Exordium Wildlife","floor":14,"turns":2},{"damage":5,"enemies":"The Guardian","floor":16,"turns":6},{"damage":29,"enemies":"Shell Parasite","floor":18,"turns":4},{"damage":4,"enemies":"Chosen","floor":21,"turns":5},{"damage":56,"enemies":"Book of Stabbing","floor":24,"turns":5}],"seed_played":"-6107699946221995212","potions_obtained":[{"floor":6,"key":"SteroidPotion"},{"floor":12,"key":"BloodPotion"},{"floor":13,"key":"AttackPotion"},{"floor":16,"key":"PowerPotion"},{"floor":21,"key":"ElixirPotion"}],"is_trial":false,"path_per_floor":["M","T","?","?","M","E","M","R","T","R","$","M","E","M","R","B",null,"M","$","$","M","?","R","E"],"character_chosen":"IRONCLAD","items_purchased":["Shuriken","Whirlwind","Warcry","Shrug It Off","Warcry"],"campfire_rested":1,"item_purchase_floors":[0,0,19,19,20],"current_hp_per_floor":[58,58,64,64,60,26,25,49,49,49,49,45,42,46,46,47,73,50,50,50,52,52,52,0],"gold":20,"neow_bonus":"","is_prod":false,"is_daily":false,"chose_seed":false,"campfire_upgraded":3,"win_rate":0,"timestamp":1672679284,"path_taken":["M","?","?","?","M","E","?","R","T","R","$","?","E","M","R","BOSS","M","?","$","M","?","R","E"],"build_version":"2022-12-18","purchased_purges":1,"victory":false,"max_hp_per_floor":[75,75,81,81,81,81,81,81,81,81,81,81,81,81,81,81,81,81,81,81,81,81,81,81],"card_choices":[{"not_picked":["Sword Boomerang","Heavy Blade","Iron Wave","Infernal Blade"],"picked":"Shrug It Off","floor":1},{"not_picked":["True Grit","Clash","Twin Strike","Dropkick"],"picked":"Cleave","floor":5},{"not_picked":["Perfected Strike","Evolve","Burning Pact","Fire Breathing"],"picked":"Iron Wave","floor":6},{"not_picked":["Clothesline","Shrug It Off","Perfected Strike","Clash"],"picked":"Hemokinesis","floor":7},{"not_picked":["Clothesline","Power Through","Headbutt","Fiend Fire"],"picked":"Flame Barrier","floor":12},{"not_picked":["Perfected Strike","Evolve","Second Wind","Seeing Red"],"picked":"Thunderclap","floor":13},{"not_picked":["Iron Wave","Burning Pact","Twin Strike","Havoc","True Grit"],"picked":"SKIP","floor":14},{"not_picked":["Bludgeon","Berserk","Fiend Fire","Barricade"],"picked":"Offering","floor":16},{"not_picked":["Twin Strike","Pommel Strike","Anger","Body Slam"],"picked":"Havoc","floor":18},{"not_picked":["Perfected Strike","Metallicize","Spot Weakness","Rampage","Combust"],"picked":"SKIP","floor":21}],"player_experience":963919,"relics_obtained":[{"floor":2,"key":"Akabeko"},{"floor":6,"key":"StrikeDummy"},{"floor":9,"key":"Paper Frog"},{"floor":13,"key":"Vajra"}],"event_choices":[{"damage_healed":0,"gold_gain":0,"player_choice":"RENOUNCE","damage_taken":141,"max_hp_gain":0,"max_hp_loss":0,"event_name":"betterThird:BetterSerpent","floor":3,"gold_loss":141,"cards_obtained":["Enlightenment"]},{"damage_healed":0,"gold_gain":0,"cards_transformed":["Strike_R"],"player_choice":"Transformed","damage_taken":0,"max_hp_gain":0,"max_hp_loss":0,"event_name":"Transmorgrifier","floor":4,"gold_loss":0,"cards_obtained":["Shockwave"]},{"damage_healed":0,"gold_gain":0,"player_choice":"Serpent","damage_taken":0,"max_hp_gain":0,"max_hp_loss":0,"event_name":"BanditSerpent","floor":22,"gold_loss":0}],"is_beta":false,"boss_relics":[{"not_picked":["Astrolabe","Runic Dome"],"picked":"Runic Pyramid"}],"items_purged_floors":[19],"is_endless":false,"potions_floor_spawned":[6,12,13,16,21],"killed_by":"Book of Stabbing","ascension_level":20}