{"gold_per_floor":[116,134,145,155,155,155,188,206,231,258,258,272,272,284,284,362,362,373,52,52,52,0,14,14,14],"floor_reached":25,"playtime":1576,"items_purged":["Strike_R"],"score":426,"play_id":"37f5f1e4-995c-49d0-9062-0f48c89b5f9e","local_time":"20221231012246","is_ascension_mode":true,"campfire_choices":[{"data":"Uppercut","floor":6,"key":"SMITH"},{"data":"Rampage","floor":11,"key":"SMITH"},{"floor":15,"key":"REST"}],"neow_cost":"NONE","seed_source_timestamp":1255592236695000,"circlet_count":0,"master_deck":["AscendersBane","Strike_R","Strike_R","Strike_R","Defend_R","Defend_R","Defend_R","Defend_R","Bash","Cleave","Spot Weakness","Rampage+1","Uppercut+1","Shrug It Off","Flame Barrier","Shrug It Off","Intimidate","Feel No Pain","Ghostly Armor","Impervious","CurseOfTheBell","Sword Boomerang+1","Headbutt+1","Corruption","Entrench","Ghostly","Ghostly","Ghostly"],"relics":["Burning Blood","NeowsBlessing","Smiling Mask","Anchor","Happy Flower","Calling Bell","Omamori","Molten Egg 2","Calipers"],"potions_floor_usage":[7,8,14,16,25],"damage_taken":[{"damage":0,"enemies":"2 Louse","floor":1,"turns":1},{"damage":0,"enemies":"Small Slimes","floor":2,"turns":1},{"damage":0,"enemies":"Cultist","floor":3,"turns":1},{"damage":18,"enemies":"3 Louse","floor":4,"turns":4},{"damage":25,"enemies":"Lagavulin","floor":7,"turns":6},{"damage":0,"enemies":"2 Fungi Beasts","floor":8,"turns":2},{"damage":36,"enemies":"Gremlin Nob","floor":10,"turns":4},{"damage":8,"enemies":"Looter","floor":12,"turns":3},{"damage":0,"enemies":"Lots of Slimes","floor":14,"turns":4},{"damage":35,"enemies":"The Guardian","floor":16,"turns":14},{"damage":41,"enemies":"Spheric Guardian","floor":18,"turns":10},{"damage":2,"enemies":"2 Thieves","floor":22,"turns":5},{"damage":24,"enemies":"Sentry and Sphere","floor":23,"turns":8},{"damage":46,"enemies":"Cultist and Chosen","floor":25,"turns":10}],"seed_played":"-5254212047920553642","potions_obtained":[{"floor":2,"key":"GamblersBrew"},{"floor":4,"key":"Fire Potion"},{"floor":8,"key":"Dexterity Potion"},{"floor":10,"key":"LiquidMemories"},{"floor":23,"key":"Swift Potion"}],"is_trial":false,"path_per_floor":["M","M","M","M","?","R","E","M","T","E","R","M","?","M","R","B",null,"M","$","?","?","M","M","?","M"],"character_chosen":"IRONCLAD","items_purchased":["Headbutt+1","Violence"],"campfire_rested":1,"item_purchase_floors":[19,19],"current_hp_per_floor":[74,75,75,63,68,68,49,55,55,25,25,23,23,29,53,24,66,31,31,31,90,90,72,45,0],"gold":14,"neow_bonus":"THREE_ENEMY_KILL","is_prod":false,"is_daily":false,"chose_seed":false,"campfire_upgraded":2,"win_rate":0,"timestamp":1672467766,"path_taken":["M","M","M","M","?","R","E","M","T","E","R","M","?","M","R","BOSS","M","$","?","?","M","?","?","M"],"build_version":"2022-12-18","purchased_purges":1,"victory":false,"max_hp_per_floor":[75,75,75,75,80,80,80,80,80,80,80,80,80,80,80,80,80,80,80,80,90,90,90,45,45],"card_choices":[{"not_picked":["True Grit","Flex"],"picked":"Cleave","floor":1},{"not_picked":["Cleave","Havoc"],"picked":"Spot Weakness","floor":2},{"not_picked":["True Grit","Pommel Strike"],"picked":"Rampage","floor":3},{"not_picked":["Ghostly Armor","Cleave"],"picked":"Uppercut","floor":4},{"not_picked":["Flex","Barricade"],"picked":"Shrug It Off","floor":7},{"not_picked":["Entrench","Ghostly Armor"],"picked":"Flame Barrier","floor":8},{"not_picked":["Ghostly Armor","Dark Embrace"],"picked":"Shrug It Off","floor":10},{"not_picked":["Armaments","Twin Strike"],"picked":"Intimidate","floor":12},{"not_picked":["Rampage","Twin Strike"],"picked":"Ghostly Armor","floor":14},{"not_picked":["Demon Form","Exhume"],"picked":"Impervious","floor":16},{"not_picked":["Armaments","Havoc"],"picked":"Sword Boomerang+1","floor":18},{"not_picked":["Clash+1","Fire Breathing","Shrug It Off"],"picked":"SKIP","floor":22},{"not_picked":["Wild Strike+1","Whirlwind+1"],"picked":"Entrench","floor":23}],"player_experience":928890,"relics_obtained":[{"floor":7,"key":"Smiling Mask"},{"floor":9,"key":"Anchor"},{"floor":10,"key":"Happy Flower"},{"floor":17,"key":"Omamori"},{"floor":17,"key":"Molten Egg 2"},{"floor":17,"key":"Calipers"}],"event_choices":[{"damage_healed":0,"gold_gain":0,"player_choice":"Donut","damage_taken":0,"max_hp_gain":5,"max_hp_loss":0,"event_name":"Big Fish","floor":5,"gold_loss":0},{"damage_healed":0,"gold_gain":0,"cards_transformed":["Strike_R"],"player_choice":"Change","damage_taken":0,"max_hp_gain":0,"max_hp_loss":0,"event_name":"Living Wall","floor":13,"gold_loss":0,"cards_obtained":["Feel No Pain"]},{"damage_healed":0,"gold_gain":0,"player_choice":"Read","damage_taken":0,"max_hp_gain":0,"max_hp_loss":0,"event_name":"The Library","floor":20,"gold_loss":0,"cards_obtained":["Corruption"]},{"cards_removed":["Violence"],"damage_healed":49,"gold_gain":0,"player_choice":"Offered Rare","damage_taken":0,"max_hp_gain":10,"max_hp_loss":0,"event_name":"Bonfire Elementals","floor":21,"gold_loss":0},{"damage_healed":0,"gold_gain":0,"player_choice":"Became a Ghost","damage_taken":0,"max_hp_gain":0,"max_hp_loss":45,"event_name":"Ghosts","floor":24,"gold_loss":0,"cards_obtained":["Ghostly","Ghostly","Ghostly"]}],"is_beta":false,"boss_relics":[{"not_picked":["Black Blood","Sozu"],"picked":"Calling Bell"}],"items_purged_floors":[19],"is_endless":false,"potions_floor_spawned":[2,4,8,10,12,23],"killed_by":"Cultist and Chosen","ascension_level":20}