{"gold_per_floor":[115,131,131,131,145,145,162,195,195,5,5,40,59,71,71,148,148,159,189,204,204,220,220],"floor_reached":23,"playtime":1039,"items_purged":["Defend_R","Strike_R"],"score":606,"play_id":"9fea439c-bedc-4784-91c0-f9d80fb1c86f","local_time":"20230102122531","is_ascension_mode":true,"campfire_choices":[{"floor":6,"key":"REST"},{"data":"Spot Weakness","floor":15,"key":"SMITH"}],"neow_cost":"","seed_source_timestamp":74565297828800,"circlet_count":0,"master_deck":["AscendersBane","Strike_R","Strike_R","Strike_R","Strike_R","Defend_R","Defend_R+1","Defend_R","Bash","Dramatic Entrance","Shrug It Off","Power Through","Uppercut+1","Feed","Flex","Decay","Anger","Spot Weakness+1","Battle Trance","Feel No Pain","Carnage","Blood for Blood","Hemokinesis","Impervious","Sever Soul","True Grit","True Grit+1","Shrug It Off+1"],"relics":["Burning Blood","moreChoices:MoreCardChoices","HandDrill","Prayer Wheel","Singing Bowl","Gremlin Horn","Meat on the Bone","Cursed Key","Red Mask"],"potions_floor_usage":[8,12,16,19,23,23],"damage_taken":[{"damage":4,"enemies":"Jaw Worm","floor":1,"turns":3},{"damage":5,"enemies":"2 Louse","floor":2,"turns":3},{"damage":0,"enemies":"Cultist","floor":5,"turns":3},{"damage":0,"enemies":"Large Slime","floor":7,"turns":4},{"damage":31,"enemies":"Gremlin Nob","floor":8,"turns":4},{"damage":12,"enemies":"3 Sentries","floor":12,"turns":5},{"damage":0,"enemies":"2 Fungi Beasts","floor":13,"turns":2},{"damage":0,"enemies":"3 Louse","floor":14,"turns":3},{"damage":42,"enemies":"The Guardian","floor":16,"turns":7},{"damage":10,"enemies":"2 Thieves","floor":18,"turns":4},{"damage":25,"enemies":"Masked Bandits","floor":19,"turns":5},{"damage":4,"enemies":"3 Byrds","floor":20,"turns":5},{"damage":35,"enemies":"Snake Plant","floor":22,"turns":3},{"damage":47,"enemies":"Slavers","floor":23,"turns":4}],"seed_played":"744456409549614583","potions_obtained":[{"floor":2,"key":"Dexterity Potion"},{"floor":5,"key":"AttackPotion"},{"floor":13,"key":"LiquidMemories"},{"floor":16,"key":"SpeedPotion"},{"floor":19,"key":"Fruit Juice"},{"floor":22,"key":"PowerPotion"}],"is_trial":false,"path_per_floor":["M","M","?","?","M","R","M","E","T","$","?","E","M","M","R","B",null,"M","?","M","?","M","E"],"character_chosen":"IRONCLAD","items_purchased":["HandDrill","Dramatic Entrance","Shrug It Off","Feel No Pain"],"campfire_rested":1,"item_purchase_floors":[0,0,0,10],"current_hp_per_floor":[44,45,22,22,28,50,56,33,33,33,58,52,61,69,69,45,73,74,55,57,57,42,0],"gold":220,"neow_bonus":"","is_prod":false,"is_daily":false,"chose_seed":false,"campfire_upgraded":1,"win_rate":0,"timestamp":1672680331,"path_taken":["M","M","?","?","?","R","M","E","T","$","?","E","M","M","R","BOSS","M","?","M","?","M","E"],"build_version":"2022-12-18","purchased_purges":2,"victory":false,"max_hp_per_floor":[75,75,75,75,75,75,75,77,77,77,77,77,80,82,82,82,82,87,87,87,87,89,94],"card_choices":[{"not_picked":["Combust","Dark Embrace","Heavy Blade","Perfected Strike"],"picked":"Power Through","floor":1},{"not_picked":["Sword Boomerang","Thunderclap","Wild Strike","Perfected Strike"],"picked":"Uppercut","floor":1},{"not_picked":["Body Slam","Burning Pact","Bloodletting","Havoc"],"picked":"Feed","floor":2},{"not_picked":["Clothesline","Headbutt","Metallicize","Dual Wield"],"picked":"Flex","floor":2},{"not_picked":["Warcry","Armaments","Cleave","Clothesline"],"picked":"Anger","floor":5},{"not_picked":["Whirlwind","Anger","Metallicize","Body Slam","Perfected Strike"],"picked":"SKIP","floor":5},{"not_picked":["Shrug It Off","Anger","Iron Wave","Searing Blow"],"picked":"Spot Weakness","floor":7},{"not_picked":["Entrench","Sentinel","Reckless Charge","Whirlwind"],"picked":"Battle Trance","floor":7},{"not_picked":["Shrug It Off","Sword Boomerang","Anger","Hemokinesis","Shockwave"],"picked":"Singing Bowl","floor":8},{"not_picked":["Searing Blow","Headbutt","Intimidate","Cleave"],"picked":"Carnage","floor":12},{"not_picked":["Anger","Twin Strike","Thunderclap","Spot Weakness"],"picked":"Blood for Blood","floor":13},{"not_picked":["Fire Breathing","Heavy Blade","Havoc","Dual Wield","Anger"],"picked":"SKIP","floor":13},{"not_picked":["Iron Wave","Wild Strike","Double Tap","Flex"],"picked":"Hemokinesis","floor":14},{"not_picked":["Twin Strike","Heavy Blade","Reckless Charge","Clash","Headbutt"],"picked":"Singing Bowl","floor":14},{"not_picked":["Exhume","Barricade","Corruption","Brutality"],"picked":"Impervious","floor":16},{"not_picked":["True Grit","Cleave","Heavy Blade","Pommel Strike","Infernal Blade"],"picked":"Singing Bowl","floor":18},{"not_picked":["Infernal Blade","True Grit","Warcry","Dark Embrace"],"picked":"Sever Soul","floor":18},{"not_picked":["Exhume","Thunderclap","Body Slam","Anger"],"picked":"True Grit","floor":19},{"not_picked":["Pommel Strike+1","Sword Boomerang","Flex","Flame Barrier"],"picked":"True Grit+1","floor":20},{"not_picked":["Thunderclap","Bloodletting","Body Slam+1","Cleave","Wild Strike+1"],"picked":"SKIP","floor":20},{"not_picked":["Flame Barrier+1","Feed","Flex","Dropkick","Shrug It Off+1"],"picked":"Singing Bowl","floor":22},{"not_picked":["Spot Weakness","Armaments","Headbutt","Iron Wave"],"picked":"Shrug It Off+1","floor":22}],"player_experience":963919,"relics_obtained":[{"floor":8,"key":"Singing Bowl"},{"floor":9,"key":"Gremlin Horn"},{"floor":12,"key":"Meat on the Bone"},{"floor":19,"key":"Red Mask"}],"event_choices":[{"damage_healed":45,"gold_gain":0,"player_choice":"Upgrade","damage_taken":23,"max_hp_gain":0,"max_hp_loss":75,"event_name":"betterThird:BetterShining","floor":3,"gold_loss":0,"cards_upgraded":["Uppercut","Defend_R"]},{"damage_healed":0,"gold_gain":0,"player_choice":"Cursed","damage_taken":0,"max_hp_gain":0,"max_hp_loss":0,"event_name":"Wheel of Change","floor":4,"gold_loss":0,"cards_obtained":["Decay"]},{"damage_healed":25,"gold_gain":0,"player_choice":"Banana","damage_taken":0,"max_hp_gain":0,"max_hp_loss":0,"event_name":"Big Fish","floor":11,"gold_loss":0},{"damage_healed":0,"gold_gain":0,"player_choice":"Fought Bandits","damage_taken":0,"max_hp_gain":0,"max_hp_loss":0,"event_name":"Masked Bandits","floor":19,"gold_loss":0},{"damage_healed":0,"gold_gain":0,"player_choice":"Ignored","damage_taken":0,"max_hp_gain":0,"max_hp_loss":0,"event_name":"Vampires","floor":21,"gold_loss":0}],"is_beta":false,"boss_relics":[{"not_picked":["Astrolabe","SacredBark"],"picked":"Cursed Key"}],"items_purged_floors":[0,10],"is_endless":false,"potions_floor_spawned":[2,5,13,16,19,22],"killed_by":"Slavers","ascension_level":20}