{"gold_per_floor":[117,128,5,17,117,117,131,156,230,263,263,275,275,291,291,394,394,413,426,439,459,459,459,205,246,301,301,328,353,353,372,372,483,483,504,554,236,245,304,304,324,342,342,112,124,36,57,71,71,71],"floor_reached":51,"playtime":3131,"items_purged":["Strike_R","Strike_R","Defend_R","Defend_R","Strike_R"],"score":683,"play_id":"a1160df7-ce04-4ed6-b2d1-051121e42fef","local_time":"20221230114111","is_ascension_mode":false,"campfire_choices":[{"data":"Pommel Strike","floor":6.0,"key":"SMITH"},{"data":"Fiend Fire","floor":11.0,"key":"SMITH"},{"data":"Combust","floor":13.0,"key":"SMITH"},{"data":"Rupture","floor":15.0,"key":"SMITH"},{"data":"Rupture","floor":23.0,"key":"SMITH"},{"data":"Entrench","floor":27.0,"key":"SMITH"},{"floor":30.0,"key":"REST"},{"floor":32.0,"key":"REST"},{"data":"Double Tap","floor":40,"key":"SMITH"},{"floor":49,"key":"REST"}],"neow_cost":"NONE","seed_source_timestamp":1204600672946300,"circlet_count":0,"master_deck":["Strike_R","Strike_R","Defend_R","Defend_R","Bash+1","Sever Soul","Rage","Pommel Strike+1","Dropkick","Combust+1","Thunderclap","Fiend Fire+1","Power Through","Rupture+1","Impervious","Double Tap+1","Rupture+1","Clash","Entrench+1","Metallicize","Sword Boomerang","Evolve","Body Slam","Offering","Battle Trance+1","Second Wind","Rupture+1","Dark Embrace","Violence","Hemokinesis+1","Uppercut+1","Reaper","Anger","Blood for Blood+1"],"special_seed":0,"relics":["Burning Blood","Lizard Tail","Kunai","Bag of Preparation","Mark of Pain","Membership Card","CeramicFish","Orichalcum","Runic Pyramid","Torii","Mummified Hand","DollysMirror","StoneCalendar","ClockworkSouvenir"],"potions_floor_usage":[45,48,50],"damage_taken":[{"damage":6.0,"enemies":"Jaw Worm","floor":1.0,"turns":4.0},{"damage":6.0,"enemies":"Cultist","floor":2.0,"turns":3.0},{"damage":10.0,"enemies":"Small Slimes","floor":4.0,"turns":3.0},{"damage":4.0,"enemies":"Blue Slaver","floor":7.0,"turns":2.0},{"damage":27.0,"enemies":"3 Sentries","floor":8.0,"turns":7.0},{"damage":30.0,"enemies":"Gremlin Nob","floor":10.0,"turns":4.0},{"damage":5.0,"enemies":"Exordium Thugs","floor":12.0,"turns":4.0},{"damage":2.0,"enemies":"3 Louse","floor":14.0,"turns":2.0},{"damage":22.0,"enemies":"Hexaghost","floor":16.0,"turns":8.0},{"damage":0.0,"enemies":"Spheric Guardian","floor":18.0,"turns":1.0},{"damage":7.0,"enemies":"Chosen","floor":19.0,"turns":3.0},{"damage":0.0,"enemies":"Snake Plant","floor":20.0,"turns":1.0},{"damage":21.0,"enemies":"Cultist and Chosen","floor":21.0,"turns":6.0},{"damage":23.0,"enemies":"Gremlin Leader","floor":25.0,"turns":6.0},{"damage":4.0,"enemies":"Snecko","floor":28.0,"turns":4.0},{"damage":23.0,"enemies":"Centurion and Healer","floor":29.0,"turns":4.0},{"damage":14.0,"enemies":"Cultist and Chosen","floor":31.0,"turns":7.0},{"damage":64.0,"enemies":"Automaton","floor":33.0,"turns":7.0},{"damage":10.0,"enemies":"3 Darklings","floor":35.0,"turns":6.0},{"damage":35.0,"enemies":"2 Orb Walkers","floor":36.0,"turns":4.0},{"damage":7,"enemies":"Mind Bloom Boss Battle","floor":39,"turns":3},{"damage":3,"enemies":"3 Shapes","floor":41,"turns":2},{"damage":27,"enemies":"Writhing Mass","floor":42,"turns":4},{"damage":8,"enemies":"3 Darklings","floor":45,"turns":3},{"damage":11,"enemies":"Sphere and 2 Shapes","floor":47,"turns":3},{"damage":10,"enemies":"Maw","floor":48,"turns":5},{"damage":60,"enemies":"Awakened One","floor":50,"turns":8}],"seed_played":"-5085331037729244891","potions_obtained":[{"floor":1.0,"key":"HeartOfIron"},{"floor":2.0,"key":"Swift Potion"},{"floor":16.0,"key":"PowerPotion"},{"floor":18.0,"key":"Energy Potion"},{"floor":25.0,"key":"ColorlessPotion"},{"floor":28.0,"key":"LiquidBronze"},{"floor":29.0,"key":"SkillPotion"},{"floor":33.0,"key":"Swift Potion"},{"floor":42,"key":"Swift Potion"},{"floor":47,"key":"Energy Potion"},{"floor":48,"key":"LiquidBronze"}],"is_trial":false,"path_per_floor":["M","M","$","M","?","R","M","E","T","E","R","M","R","M","R","B",null,"M","M","M","M","?","R","$","E","T","R","M","M","R","M","R","B",null,"M","?","$","?","?","R","M","M","T","$","M","$","M","M","R","B",null],"character_chosen":"IRONCLAD","items_purchased":["Pommel Strike","Membership Card","Entrench","Metallicize","Mummified Hand","Second Wind","DollysMirror","Dark Embrace","Reaper","Anger","ClockworkSouvenir"],"campfire_rested":3,"item_purchase_floors":[3,24,24,24,37,37,37,37,44,44,44],"current_hp_per_floor":[80,80,80,76,76,76,78,57,57,33,33,34,34,38,38,22,80,80,79,80,65,50,50,50,33,33,33,35,18,43,35,60,48,85,81,52,52,47,46,46,49,28,28,28,26,26,37,48,73,31],"gold":71,"neow_bonus":"UPGRADE_CARD","is_prod":false,"is_daily":false,"chose_seed":false,"campfire_upgraded":7,"win_rate":0,"timestamp":1672418471,"path_taken":["M","M","$","M","?","R","?","E","T","E","R","M","R","M","R","BOSS","M","M","M","M","?","R","?","E","T","R","M","M","R","M","R","BOSS","M","?","$","?","?","R","M","M","T","$","M","?","?","M","R","BOSS"],"build_version":"2022-12-18","purchased_purges":5,"victory":true,"max_hp_per_floor":[80,80,80,80,80,80,80,80,80,80,80,80,80,80,80,80,80,80,80,80,80,85,85,85,85,85,85,85,85,85,85,85,85,85,85,85,85,85,85,85,85,85,85,85,85,85,85,85,85,85],"card_choices":[{"not_picked":["Seeing Red","Wild Strike"],"picked":"Sever Soul","floor":1.0},{"not_picked":["Warcry","Havoc"],"picked":"Rage","floor":2.0},{"not_picked":["Anger","Havoc"],"picked":"Dropkick","floor":4.0},{"not_picked":["Wild Strike","Heavy Blade"],"picked":"Combust","floor":7.0},{"not_picked":["Heavy Blade","Warcry"],"picked":"Thunderclap","floor":8.0},{"not_picked":["Seeing Red","Whirlwind"],"picked":"Fiend Fire","floor":10.0},{"not_picked":["Pommel Strike","Headbutt"],"picked":"Power Through","floor":12.0},{"not_picked":["Metallicize","Warcry"],"picked":"Rupture","floor":14.0},{"not_picked":["Exhume","Brutality"],"picked":"Impervious","floor":16.0},{"not_picked":["Heavy Blade","Pommel Strike","True Grit"],"picked":"SKIP","floor":18.0},{"not_picked":["Clash","Ghostly Armor"],"picked":"Double Tap","floor":19.0},{"not_picked":["Searing Blow","Ghostly Armor"],"picked":"Rupture","floor":20.0},{"not_picked":["True Grit","Combust+1"],"picked":"Clash","floor":21.0},{"not_picked":["Havoc+1","Perfected Strike"],"picked":"Sword Boomerang","floor":25.0},{"not_picked":["Warcry+1","Twin Strike"],"picked":"Evolve","floor":28.0},{"not_picked":["Hemokinesis","Armaments+1"],"picked":"Body Slam","floor":29.0},{"not_picked":["Infernal Blade","Heavy Blade","Body Slam"],"picked":"SKIP","floor":31.0},{"not_picked":["Bludgeon","Corruption"],"picked":"Offering","floor":33.0},{"not_picked":["Sword Boomerang+1","Twin Strike+1"],"picked":"Battle Trance+1","floor":35.0},{"not_picked":["Swift Strike","Chrysalis"],"picked":"Violence","floor":38.0},{"not_picked":["Bloodletting","Headbutt"],"picked":"Hemokinesis+1","floor":39},{"not_picked":["Cleave","Combust+1"],"picked":"Uppercut+1","floor":41},{"not_picked":["Reckless Charge+1","Cleave+1","Body Slam+1"],"picked":"SKIP","floor":42},{"not_picked":["Twin Strike+1","Thunderclap","Pommel Strike"],"picked":"SKIP","floor":45},{"not_picked":["Dual Wield","Carnage"],"picked":"Blood for Blood+1","floor":47},{"not_picked":["Flex+1","Power Through","True Grit+1"],"picked":"SKIP","floor":48}],"player_experience":1182127,"relics_obtained":[{"floor":8.0,"key":"Lizard Tail"},{"floor":9.0,"key":"Kunai"},{"floor":10.0,"key":"Bag of Preparation"},{"floor":25.0,"key":"CeramicFish"},{"floor":26.0,"key":"Orichalcum"},{"floor":36.0,"key":"Torii"},{"floor":43,"key":"StoneCalendar"}],"event_choices":[{"damage_healed":0.0,"max_hp_gain":0.0,"max_hp_loss":0.0,"gold_gain":100.0,"event_name":"Golden Shrine","player_choice":"Pray","floor":5.0,"gold_loss":0.0,"damage_taken":0.0},{"damage_healed":0.0,"max_hp_gain":5.0,"max_hp_loss":0.0,"gold_gain":0.0,"event_name":"Forgotten Altar","player_choice":"Shed Blood","floor":22.0,"gold_loss":0.0,"damage_taken":20.0},{"damage_healed":0.0,"max_hp_gain":0.0,"max_hp_loss":0.0,"gold_gain":0.0,"event_name":"Mysterious Sphere","player_choice":"Fight","floor":36.0,"gold_loss":0.0,"damage_taken":0.0},{"damage_healed":0.0,"max_hp_gain":0.0,"max_hp_loss":0.0,"gold_gain":0.0,"event_name":"SensoryStone","player_choice":"Memory 2","floor":38.0,"gold_loss":0.0,"damage_taken":5.0},{"damage_healed":0,"gold_gain":0,"player_choice":"Fight","damage_taken":0,"max_hp_gain":0,"max_hp_loss":0,"event_name":"MindBloom","floor":39,"gold_loss":0}],"is_beta":false,"boss_relics":[{"not_picked":["Velvet Choker","Runic Dome"],"picked":"Mark of Pain"},{"not_picked":["Coffee Dripper","Pandora\u0027s Box"],"picked":"Runic Pyramid"}],"items_purged_floors":[3,24,37,44,46],"is_endless":false,"potions_floor_spawned":[1,2,16,18,25,28,29,33,42,47,48],"ascension_level":0}