{"gold_per_floor":[119,138,148,165,182,217,217,38,38,52,152,152,166,177,177,280,280,297,38,38,42,120,120,134,12,65,84,84,117,117,132,132,233,233,250,261,25,25,35,35],"floor_reached":40,"playtime":2886,"items_purged":["Strike_R","Strike_R","Strike_R"],"score":487,"play_id":"233856ff-e784-423e-beea-bd095835093e","local_time":"20221231094622","is_ascension_mode":false,"campfire_choices":[{"floor":7,"key":"REST"},{"data":"Fire Breathing","floor":12,"key":"SMITH"},{"floor":15,"key":"REST"},{"data":"Feel No Pain","floor":23,"key":"SMITH"},{"data":"True Grit","floor":28,"key":"SMITH"},{"data":"Exhume","floor":30,"key":"SMITH"},{"floor":32,"key":"REST"}],"neow_cost":"NONE","seed_source_timestamp":1284498163227400,"circlet_count":0,"master_deck":["Strike_R","Strike_R","Defend_R","Defend_R","Defend_R","Defend_R","Bash","Feed","Disarm","Disarm","Spot Weakness","Cleave","Blood for Blood","Exhume+1","Rage","Rampage","Fire Breathing+1","Ghostly Armor","Carnage","Blood for Blood","Feel No Pain+1","Impervious","Intimidate","Feed","Metallicize+1","Reckless Charge","Panacea","Metallicize","True Grit+1","Reaper","Flex+1","Infernal Blade+1","Barricade","Second Wind+1","Feel No Pain","Dark Embrace"],"relics":["Burning Blood","Dream Catcher","Mercury Hourglass","Runic Cube","Meat on the Bone","Art of War","Toxic Egg 2","SlaversCollar"],"potions_floor_usage":[5,5,6,21,33,33,33,35,39],"damage_taken":[{"damage":15,"enemies":"Cultist","floor":1,"turns":4},{"damage":18,"enemies":"Jaw Worm","floor":2,"turns":5},{"damage":1,"enemies":"2 Louse","floor":3,"turns":4},{"damage":25,"enemies":"Gremlin Gang","floor":4,"turns":6},{"damage":15,"enemies":"Large Slime","floor":5,"turns":9},{"damage":42,"enemies":"Lagavulin","floor":6,"turns":9},{"damage":12,"enemies":"Exordium Wildlife","floor":10,"turns":6},{"damage":10,"enemies":"3 Louse","floor":13,"turns":4},{"damage":0,"enemies":"2 Fungi Beasts","floor":14,"turns":2},{"damage":27,"enemies":"Hexaghost","floor":16,"turns":9},{"damage":12,"enemies":"3 Byrds","floor":18,"turns":5},{"damage":8,"enemies":"2 Thieves","floor":21,"turns":5},{"damage":26,"enemies":"Snake Plant","floor":24,"turns":4},{"damage":26,"enemies":"3 Cultists","floor":27,"turns":6},{"damage":41,"enemies":"Book of Stabbing","floor":29,"turns":7},{"damage":9,"enemies":"Chosen and Byrds","floor":31,"turns":6},{"damage":35,"enemies":"Champ","floor":33,"turns":16},{"damage":23,"enemies":"3 Darklings","floor":35,"turns":8},{"damage":16,"enemies":"Orb Walker","floor":36,"turns":4},{"damage":52,"enemies":"Spire Growth","floor":39,"turns":8},{"damage":97,"enemies":"Giant Head","floor":40,"turns":11}],"seed_played":"6014690987562303970","potions_obtained":[{"floor":1,"key":"GamblersBrew"},{"floor":3,"key":"ColorlessPotion"},{"floor":4,"key":"ColorlessPotion"},{"floor":6,"key":"Energy Potion"},{"floor":18,"key":"FearPotion"},{"floor":24,"key":"SteroidPotion"},{"floor":29,"key":"Dexterity Potion"},{"floor":33,"key":"BlessingOfTheForge"},{"floor":36,"key":"Block Potion"}],"is_trial":false,"path_per_floor":["M","M","M","M","M","E","R","$","T","M","?","R","M","M","R","B",null,"M","$","?","M","T","R","M","$","T","M","R","E","R","M","R","B",null,"M","M","$","?","M","E"],"character_chosen":"IRONCLAD","items_purchased":["Rampage","Fire Breathing","Feed","Panacea","Metallicize","Second Wind+1","Feel No Pain"],"campfire_rested":3,"item_purchase_floors":[8,8,19,25,25,37,37],"current_hp_per_floor":[74,65,73,57,51,18,47,47,47,44,44,44,43,49,80,59,104,104,104,104,102,102,102,85,85,85,68,68,45,45,64,98,83,116,116,109,109,109,70,0],"gold":35,"neow_bonus":"ONE_RANDOM_RARE_CARD","is_prod":false,"is_daily":false,"chose_seed":false,"campfire_upgraded":4,"win_rate":0,"timestamp":1672497982,"path_taken":["M","M","M","M","M","E","R","?","T","M","?","R","?","M","R","BOSS","M","$","?","M","?","R","M","$","T","M","R","E","R","M","R","BOSS","M","M","$","?","M","E"],"build_version":"2022-12-18","purchased_purges":3,"victory":false,"max_hp_per_floor":[83,86,89,92,95,98,98,98,98,101,101,101,104,104,104,104,104,110,110,110,110,110,110,113,113,113,116,116,116,116,116,116,116,116,116,119,119,119,119,119],"card_choices":[{"not_picked":["Wild Strike","Armaments"],"picked":"Disarm","floor":1},{"not_picked":["Shockwave","Anger"],"picked":"Disarm","floor":2},{"not_picked":["Cleave","Pommel Strike"],"picked":"Spot Weakness","floor":3},{"not_picked":["Sever Soul","Anger"],"picked":"Cleave","floor":4},{"not_picked":["Sword Boomerang","Cleave"],"picked":"Blood for Blood","floor":5},{"not_picked":["Evolve","Thunderclap"],"picked":"Exhume","floor":6},{"not_picked":["Sword Boomerang","Clothesline"],"picked":"Rage","floor":7},{"not_picked":["Bloodletting","Havoc"],"picked":"Ghostly Armor","floor":10},{"not_picked":["Clothesline","Wild Strike"],"picked":"Carnage","floor":13},{"not_picked":["Metallicize","Sever Soul"],"picked":"Blood for Blood","floor":14},{"not_picked":["Body Slam","Havoc"],"picked":"Feel No Pain","floor":15},{"not_picked":["Corruption","Brutality"],"picked":"Impervious","floor":16},{"not_picked":["Sentinel","Havoc"],"picked":"Intimidate","floor":18},{"not_picked":["Anger","Shrug It Off"],"picked":"Metallicize+1","floor":21},{"not_picked":["Pommel Strike","Shrug It Off"],"picked":"Reckless Charge","floor":24},{"not_picked":["Clothesline","Hemokinesis"],"picked":"True Grit","floor":27},{"not_picked":["Rupture","Shrug It Off+1"],"picked":"Reaper","floor":29},{"not_picked":["Perfected Strike","Combust"],"picked":"Flex+1","floor":31},{"not_picked":["True Grit+1","Thunderclap"],"picked":"Infernal Blade+1","floor":32},{"not_picked":["Brutality","Berserk"],"picked":"Barricade","floor":33},{"not_picked":["Anger","Carnage","Twin Strike"],"picked":"SKIP","floor":35},{"not_picked":["Sword Boomerang","Rampage+1","Havoc+1"],"picked":"SKIP","floor":36},{"not_picked":["Searing Blow","Anger"],"picked":"Dark Embrace","floor":39}],"player_experience":932160,"relics_obtained":[{"floor":6,"key":"Dream Catcher"},{"floor":9,"key":"Mercury Hourglass"},{"floor":22,"key":"Meat on the Bone"},{"floor":26,"key":"Art of War"},{"floor":29,"key":"Toxic Egg 2"}],"event_choices":[{"damage_healed":0,"gold_gain":100,"player_choice":"Gold","damage_taken":0,"max_hp_gain":0,"max_hp_loss":0,"event_name":"Wheel of Change","floor":11,"gold_loss":0},{"damage_healed":0,"gold_gain":0,"player_choice":"Ignored","damage_taken":0,"max_hp_gain":0,"max_hp_loss":0,"event_name":"Vampires","floor":20,"gold_loss":0},{"damage_healed":0,"gold_gain":0,"player_choice":"Ignored","damage_taken":0,"max_hp_gain":0,"max_hp_loss":0,"event_name":"NoteForYourself","floor":38,"gold_loss":0}],"is_beta":false,"boss_relics":[{"not_picked":["Runic Dome","Velvet Choker"],"picked":"Runic Cube"},{"not_picked":["SacredBark","Fusion Hammer"],"picked":"SlaversCollar"}],"items_purged_floors":[8,19,37],"is_endless":false,"potions_floor_spawned":[1,3,4,6,18,24,29,33,36],"killed_by":"Giant Head","ascension_level":0}