{"gold_per_floor":[110,124,134,19,32,13,13,29,54,84,84,24,24,42,42,116,116,131,151,151,23,23],"floor_reached":22,"playtime":1694,"items_purged":["Strike_R"],"score":426,"play_id":"324777ec-d401-4e13-bf2b-166f67cf17c6","local_time":"20221231085759","is_ascension_mode":true,"campfire_choices":[{"data":"Barricade","floor":7,"key":"SMITH"},{"data":"Madness","floor":11,"key":"SMITH"},{"data":"Entrench","floor":15,"key":"SMITH"}],"neow_cost":"NONE","seed_source_timestamp":1282786897187100,"circlet_count":0,"master_deck":["AscendersBane","Strike_R","Strike_R","Strike_R","Strike_R","Defend_R","Defend_R","Defend_R","Defend_R","Bash","True Grit","Sever Soul","Barricade+1","Thunderclap","Madness+1","Metallicize","Body Slam","Shrug It Off","Corruption","Shrug It Off","Hemokinesis","Entrench+1","Exhume","CurseOfTheBell","Metallicize","Body Slam","Body Slam"],"relics":["Burning Blood","Strawberry","Thread and Needle","Calling Bell","MealTicket","Mercury Hourglass","Bird Faced Urn"],"potions_floor_usage":[5,8,10,12,17,19],"damage_taken":[{"damage":7,"enemies":"Jaw Worm","floor":1,"turns":4},{"damage":6,"enemies":"Cultist","floor":2,"turns":3},{"damage":19,"enemies":"Small Slimes","floor":3,"turns":3},{"damage":6,"enemies":"Exordium Wildlife","floor":5,"turns":4},{"damage":31,"enemies":"Exordium Thugs","floor":6,"turns":4},{"damage":14,"enemies":"Lots of Slimes","floor":8,"turns":5},{"damage":0,"enemies":"Lagavulin","floor":10,"turns":9},{"damage":8,"enemies":"Looter","floor":12,"turns":5},{"damage":2,"enemies":"Blue Slaver","floor":14,"turns":4},{"damage":39,"enemies":"The Guardian","floor":16,"turns":13},{"damage":21,"enemies":"Chosen","floor":18,"turns":8},{"damage":1,"enemies":"Spheric Guardian","floor":19,"turns":5},{"damage":98,"enemies":"3 Cultists","floor":22,"turns":7}],"seed_played":"1617299847973859385","potions_obtained":[{"floor":3,"key":"Block Potion"},{"floor":6,"key":"SkillPotion"},{"floor":8,"key":"ColorlessPotion"},{"floor":10,"key":"EssenceOfSteel"},{"floor":16,"key":"BloodPotion"},{"floor":18,"key":"PowerPotion"}],"is_trial":false,"path_per_floor":["M","M","M","$","M","M","R","M","T","E","R","M","?","M","R","B",null,"M","M","?","$","M"],"character_chosen":"IRONCLAD","items_purchased":["Thunderclap","Madness","Body Slam"],"campfire_rested":0,"item_purchase_floors":[4,4,21],"current_hp_per_floor":[74,74,61,61,61,36,36,28,35,41,41,39,39,43,43,10,86,75,88,88,89,0],"gold":23,"neow_bonus":"TEN_PERCENT_HP_BONUS","is_prod":false,"is_daily":false,"chose_seed":false,"campfire_upgraded":3,"win_rate":0,"timestamp":1672495079,"path_taken":["M","M","M","$","M","M","R","M","T","E","R","M","?","?","R","BOSS","M","M","?","$","M"],"build_version":"2022-12-18","purchased_purges":1,"victory":false,"max_hp_per_floor":[82,82,82,82,82,82,82,82,89,89,89,89,89,89,89,89,89,89,89,89,89,89],"card_choices":[{"not_picked":["Heavy Blade","Clothesline"],"picked":"True Grit","floor":1},{"not_picked":["Warcry","True Grit"],"picked":"Sever Soul","floor":2},{"not_picked":["True Grit","Twin Strike"],"picked":"Barricade","floor":3},{"not_picked":["Clothesline","Whirlwind"],"picked":"Metallicize","floor":5},{"not_picked":["Anger","Wild Strike"],"picked":"Body Slam","floor":6},{"not_picked":["Twin Strike","Heavy Blade"],"picked":"Shrug It Off","floor":8},{"not_picked":["Anger","Cleave"],"picked":"Corruption","floor":10},{"not_picked":["Perfected Strike","Havoc"],"picked":"Shrug It Off","floor":12},{"not_picked":["Sword Boomerang","Disarm"],"picked":"Entrench","floor":14},{"not_picked":["Corruption","Double Tap"],"picked":"Exhume","floor":16},{"not_picked":["Rupture","Fire Breathing"],"picked":"Metallicize","floor":18},{"not_picked":["Armaments","Searing Blow"],"picked":"Body Slam","floor":19}],"player_experience":930466,"relics_obtained":[{"floor":9,"key":"Strawberry"},{"floor":10,"key":"Thread and Needle"},{"floor":17,"key":"MealTicket"},{"floor":17,"key":"Mercury Hourglass"},{"floor":17,"key":"Bird Faced Urn"}],"event_choices":[{"damage_healed":0,"gold_gain":0,"player_choice":"1 cards matched","damage_taken":0,"max_hp_gain":0,"max_hp_loss":0,"event_name":"Match and Keep!","floor":13,"gold_loss":0,"cards_obtained":["Hemokinesis"]}],"is_beta":false,"boss_relics":[{"not_picked":["Black Blood","Black Star"],"picked":"Calling Bell"}],"items_purged_floors":[21],"is_endless":false,"potions_floor_spawned":[3,6,8,10,16,18],"killed_by":"3 Cultists","ascension_level":20}