{"gold_per_floor":[115,131,147,157,157,200,200,231,231,231,12,53,53,53,53,53],"floor_reached":16,"playtime":736,"items_purged":["Defend_R"],"score":336,"play_id":"7ec011dc-2427-4198-b2df-226da0514910","local_time":"20221228104200","is_ascension_mode":true,"campfire_choices":[{"data":"True Grit","floor":7,"key":"SMITH"},{"floor":10,"key":"REST"},{"data":"Perfected Strike","floor":13,"key":"SMITH"},{"floor":15,"key":"REST"}],"neow_cost":"","seed_source_timestamp":1030786915987800,"circlet_count":0,"master_deck":["AscendersBane","Strike_R","Strike_R","Strike_R","Strike_R","Defend_R","Defend_R","Defend_R","Bash","Inflame","Thunderclap","Cleave","Clash","Evolve","True Grit+1","Perfected Strike+1","Metallicize","Metallicize","Anger","Perfected Strike"],"relics":["Burning Blood","moreChoices:MoreCardChoices","Self Forming Clay","Golden Idol","Akabeko","Anchor","Bronze Scales","Bottled Flame"],"potions_floor_usage":[4,6,12],"damage_taken":[{"damage":4,"enemies":"Cultist","floor":1,"turns":4},{"damage":8,"enemies":"2 Louse","floor":2,"turns":3},{"damage":7,"enemies":"Small Slimes","floor":3,"turns":3},{"damage":19,"enemies":"Exordium Thugs","floor":4,"turns":5},{"damage":26,"enemies":"3 Sentries","floor":6,"turns":5},{"damage":23,"enemies":"Lagavulin","floor":8,"turns":6},{"damage":17,"enemies":"3 Sentries","floor":12,"turns":4},{"damage":50,"enemies":"Slime Boss","floor":16,"turns":7}],"seed_played":"8795813817092338935","potions_obtained":[{"floor":2,"key":"hexamod:SoulburnPotion"},{"floor":3,"key":"Regen Potion"},{"floor":8,"key":"bronze:BurnAndBuffPotion"}],"is_trial":false,"path_per_floor":["M","M","M","M","?","E","R","E","T","R","$","E","R","?","R","B"],"character_chosen":"IRONCLAD","items_purchased":["Self Forming Clay","Inflame","Thunderclap","Metallicize","Anger"],"campfire_rested":2,"item_purchase_floors":[0,0,0,11,11],"current_hp_per_floor":[55,53,52,53,53,33,33,16,16,36,36,25,25,25,45,0],"gold":53,"neow_bonus":"","is_prod":false,"is_daily":false,"chose_seed":false,"campfire_upgraded":2,"win_rate":0,"timestamp":1672242120,"path_taken":["M","M","M","M","?","E","R","E","T","R","$","E","R","?","R","BOSS"],"build_version":"2022-12-18","purchased_purges":1,"victory":false,"max_hp_per_floor":[75,75,75,75,68,68,68,68,68,68,68,68,68,68,68,68],"card_choices":[{"not_picked":["Clash","Bloodletting","Shockwave","Heavy Blade"],"picked":"Cleave","floor":1},{"not_picked":["Infernal Blade","Flame Barrier","Spot Weakness","Dual Wield"],"picked":"Clash","floor":2},{"not_picked":["Ghostly Armor","Twin Strike","Metallicize","Thunderclap"],"picked":"Evolve","floor":3},{"not_picked":["Cleave","Evolve","Battle Trance","Shrug It Off"],"picked":"True Grit","floor":4},{"not_picked":["Cleave","Havoc","Juggernaut","Clothesline"],"picked":"Perfected Strike","floor":6},{"not_picked":["Cleave","Dropkick","True Grit","Burning Pact"],"picked":"Metallicize","floor":8},{"not_picked":["Sword Boomerang","Battle Trance","True Grit","Spot Weakness"],"picked":"Perfected Strike","floor":12}],"player_experience":1157445,"relics_obtained":[{"floor":6,"key":"Akabeko"},{"floor":8,"key":"Anchor"},{"floor":9,"key":"Bronze Scales"},{"floor":12,"key":"Bottled Flame"}],"event_choices":[{"damage_healed":0,"gold_gain":0,"player_choice":"Lose Max HP","damage_taken":0,"relics_obtained":["Golden Idol"],"max_hp_gain":0,"max_hp_loss":7,"event_name":"Golden Idol","floor":5,"gold_loss":0},{"cards_removed":["Strike_R"],"damage_healed":0,"gold_gain":0,"player_choice":"Offered Basic","damage_taken":0,"max_hp_gain":0,"max_hp_loss":0,"event_name":"Bonfire Elementals","floor":14,"gold_loss":0}],"is_beta":false,"boss_relics":[],"items_purged_floors":[11],"is_endless":false,"potions_floor_spawned":[2,3,8],"killed_by":"Slime Boss","ascension_level":20}