{"gold_per_floor":[119,135,1,1,1,1,76,110,133,202,241,241,241,261,261,349,349,372,64,93,93,117,158,158,180,180,213,240,240],"floor_reached":29,"playtime":1492,"items_purged":["Strike_R"],"score":502,"play_id":"69cfdd07-11e1-4cf5-b00d-d376efab0623","local_time":"20230107152955","is_ascension_mode":true,"campfire_choices":[{"floor":6,"key":"REST"},{"floor":12,"key":"REST"},{"floor":15,"key":"REST"},{"floor":24,"key":"REST"}],"neow_cost":"NONE","seed_source_timestamp":517177521206400,"circlet_count":0,"master_deck":["AscendersBane","Strike_R","Strike_R","Strike_R","Strike_R","Defend_R+1","Defend_R+1","Defend_R","Defend_R","Bash","Uppercut","Second Wind","Feel No Pain","Reckless Charge","Seeing Red","Armaments+1","Searing Blow","Immolate","Clothesline","Demon Form","Feel No Pain","Bludgeon","Dark Embrace","Impervious","True Grit+1","Sentinel+1","Shrug It Off","Ghostly","Ghostly","Ghostly"],"relics":["Fusion Hammer","CeramicFish","Omamori","Lizard Tail","Sundial","Runic Pyramid","DollysMirror","Darkstone Periapt","Bronze Scales","Prayer Wheel"],"potions_floor_usage":[10,11,16,17,23,23,25,27],"damage_taken":[{"damage":5,"enemies":"2 Louse","floor":1,"turns":3},{"damage":3,"enemies":"Small Slimes","floor":2,"turns":3},{"damage":38,"enemies":"Lagavulin","floor":8,"turns":8},{"damage":13,"enemies":"Gremlin Nob","floor":10,"turns":4},{"damage":17,"enemies":"3 Sentries","floor":11,"turns":12},{"damage":0,"enemies":"Cultist","floor":14,"turns":4},{"damage":62,"enemies":"Hexaghost","floor":16,"turns":14},{"damage":17,"enemies":"2 Thieves","floor":18,"turns":4},{"damage":3,"enemies":"Chosen","floor":20,"turns":4},{"damage":8,"enemies":"Snecko","floor":22,"turns":4},{"damage":46,"enemies":"Book of Stabbing","floor":23,"turns":5},{"damage":4,"enemies":"Cultist and Chosen","floor":25,"turns":5},{"damage":4,"enemies":"Sentry and Sphere","floor":27,"turns":5},{"damage":25,"enemies":"Gremlin Leader","floor":29,"turns":7}],"seed_played":"-4581214293801022016","potions_obtained":[{"floor":8,"key":"ColorlessPotion"},{"floor":10,"key":"SkillPotion"},{"floor":16,"key":"EntropicBrew"},{"floor":20,"key":"LiquidBronze"},{"floor":23,"key":"DistilledChaos"},{"floor":25,"key":"Swift Potion"}],"is_trial":false,"path_per_floor":["M","M","$","?","?","R","?","E","T","?","E","R","?","M","R","B",null,"M","$","M","T","M","E","R","M","T","M","?","E"],"character_chosen":"IRONCLAD","items_purchased":["Feel No Pain","Reckless Charge","Demon Form","DollysMirror"],"campfire_rested":4,"item_purchase_floors":[3,3,19,19],"current_hp_per_floor":[63,60,60,65,41,65,54,16,16,3,28,52,52,52,76,14,80,63,63,60,60,52,6,30,26,26,22,22,0],"gold":240,"neow_bonus":"BOSS_RELIC","is_prod":false,"is_daily":false,"chose_seed":false,"campfire_upgraded":0,"win_rate":0,"timestamp":1673123395,"path_taken":["M","M","$","?","?","R","?","E","T","?","E","R","?","?","R","BOSS","M","$","M","?","M","E","R","M","T","M","?","E"],"build_version":"2022-12-18","purchased_purges":1,"victory":false,"max_hp_per_floor":[75,75,75,80,80,80,80,80,80,80,80,80,80,80,80,80,80,80,80,80,80,80,80,80,80,80,80,40,40],"card_choices":[{"not_picked":["Wild Strike","Bloodletting"],"picked":"Uppercut","floor":1},{"not_picked":["Heavy Blade","Havoc"],"picked":"Second Wind","floor":2},{"not_picked":["Wild Strike","Clash","Havoc"],"picked":"SKIP","floor":8},{"not_picked":["Havoc","Cleave"],"picked":"Seeing Red","floor":10},{"not_picked":["Searing Blow","Whirlwind"],"picked":"Armaments","floor":11},{"not_picked":["Clothesline","Cleave"],"picked":"Searing Blow","floor":14},{"not_picked":["Juggernaut","Double Tap"],"picked":"Immolate","floor":16},{"not_picked":["Armaments","Flex"],"picked":"Clothesline","floor":18},{"not_picked":["Flex","Armaments"],"picked":"Bludgeon","floor":20},{"not_picked":["Inflame+1","Havoc"],"picked":"Dark Embrace","floor":22},{"not_picked":["Rupture","Whirlwind"],"picked":"Impervious","floor":23},{"not_picked":["Thunderclap","Clothesline"],"picked":"True Grit+1","floor":25},{"not_picked":["Searing Blow","Carnage"],"picked":"Sentinel+1","floor":27},{"not_picked":["Shrug It Off","Clothesline","Havoc+1"],"picked":"SKIP","floor":27},{"not_picked":["Clothesline","Havoc+1"],"picked":"Shrug It Off","floor":27}],"player_experience":970388,"relics_obtained":[{"floor":8,"key":"CeramicFish"},{"floor":9,"key":"Omamori"},{"floor":10,"key":"Lizard Tail"},{"floor":11,"key":"Sundial"},{"floor":21,"key":"Darkstone Periapt"},{"floor":23,"key":"Bronze Scales"},{"floor":26,"key":"Prayer Wheel"}],"event_choices":[{"damage_healed":0,"gold_gain":0,"player_choice":"Donut","damage_taken":0,"max_hp_gain":5,"max_hp_loss":0,"event_name":"Big Fish","floor":4,"gold_loss":0},{"damage_healed":0,"gold_gain":0,"player_choice":"Entered Light","damage_taken":24,"max_hp_gain":0,"max_hp_loss":0,"event_name":"Shining Light","floor":5,"gold_loss":0,"cards_upgraded":["Defend_R","Defend_R"]},{"damage_healed":0,"gold_gain":75,"player_choice":"Gather Gold","damage_taken":11,"max_hp_gain":0,"max_hp_loss":0,"event_name":"World of Goop","floor":7,"gold_loss":0},{"damage_healed":0,"gold_gain":0,"player_choice":"Searched \u00271\u0027 times","damage_taken":0,"max_hp_gain":0,"max_hp_loss":0,"event_name":"Dead Adventurer","floor":10,"gold_loss":0},{"damage_healed":0,"gold_gain":0,"player_choice":"Forge","damage_taken":0,"max_hp_gain":0,"max_hp_loss":0,"event_name":"Accursed Blacksmith","floor":13,"gold_loss":0,"cards_upgraded":["Armaments"]},{"damage_healed":0,"gold_gain":0,"player_choice":"Became a Ghost","damage_taken":0,"max_hp_gain":0,"max_hp_loss":40,"event_name":"Ghosts","floor":28,"gold_loss":0,"cards_obtained":["Ghostly","Ghostly","Ghostly"]}],"is_beta":false,"boss_relics":[{"not_picked":["Snecko Eye","Sozu"],"picked":"Runic Pyramid"}],"items_purged_floors":[19],"is_endless":false,"potions_floor_spawned":[8,10,16,20,23,25],"killed_by":"Gremlin Leader","ascension_level":20}