{"gold_per_floor":[17,17,17,27,42,42,68,68,68,68,68,126,144,155,155,255,255,265,285,301,301,271,304,314,341,341,341,16,16,31,51,51,152,152,164,10,10,25,25,25,40,40,40,40,89,107,107,125,125,125],"floor_reached":51,"playtime":5838,"items_purged":["Normality"],"score":737,"play_id":"9f3b348e-627f-4b2f-b578-5741ee101285","local_time":"20230116230917","is_ascension_mode":false,"campfire_choices":[{"floor":8,"key":"REST"},{"data":"Armaments","floor":10,"key":"SMITH"},{"data":"Inflame","floor":15,"key":"SMITH"},{"data":"Offering","floor":27,"key":"SMITH"},{"data":"Rage","floor":32,"key":"SMITH"},{"floor":40,"key":"REST"},{"floor":42,"key":"RECALL"},{"floor":47,"key":"REST"},{"floor":49,"key":"REST"}],"neow_cost":"CURSE","seed_source_timestamp":75353222992900,"circlet_count":0,"master_deck":["Bash","Twin Strike","Twin Strike","Twin Strike","Twin Strike","Iron Wave","Iron Wave","Iron Wave","Iron Wave","Armaments+1","Cleave","Burning Pact","Shockwave","Inflame+1","Intimidate","Offering+1","ICR:Frenzy+1","Clash","Uppercut","Demon Form","Rage+1","Double Tap","Power Through+1","ICR:PowerAttack","Disarm+1","Spot Weakness","Shame","Pain","Perfected Strike"],"relics":["Burning Blood","Juzu Bracelet","Calipers","Blue Candle","Bronze Scales","Cursed Key","Pen Nib","Magic Flower","Pantograph","Gremlin Horn","The Courier","Fusion Hammer","OrangePellets","Ornamental Fan","Omamori"],"potions_floor_usage":[12,16,23,30,31,33,50,50,50],"damage_taken":[{"damage":0,"enemies":"2 Louse","floor":1,"turns":2},{"damage":6,"enemies":"Jaw Worm","floor":4,"turns":2},{"damage":1,"enemies":"Cultist","floor":5,"turns":3},{"damage":21,"enemies":"3 Sentries","floor":7,"turns":6},{"damage":12,"enemies":"Lagavulin Event","floor":12,"turns":5},{"damage":5,"enemies":"Exordium Thugs","floor":13,"turns":3},{"damage":3,"enemies":"Large Slime","floor":14,"turns":3},{"damage":7,"enemies":"Hexaghost","floor":16,"turns":7},{"damage":7,"enemies":"Chosen","floor":18,"turns":3},{"damage":3,"enemies":"Shell Parasite","floor":19,"turns":2},{"damage":6,"enemies":"3 Cultists","floor":20,"turns":3},{"damage":15,"enemies":"Slavers","floor":23,"turns":3},{"damage":6,"enemies":"Cultist and Chosen","floor":24,"turns":3},{"damage":8,"enemies":"Book of Stabbing","floor":25,"turns":2},{"damage":4,"enemies":"Snake Plant","floor":30,"turns":1},{"damage":9,"enemies":"Shelled Parasite and Fungi","floor":31,"turns":4},{"damage":18,"enemies":"Collector","floor":33,"turns":5},{"damage":19,"enemies":"3 Darklings","floor":35,"turns":3},{"damage":0,"enemies":"Orb Walker","floor":38,"turns":3},{"damage":4,"enemies":"4 Shapes","floor":41,"turns":3},{"damage":13,"enemies":"Spire Growth","floor":46,"turns":3},{"damage":6,"enemies":"Jaw Worm Horde","floor":48,"turns":4},{"damage":53,"enemies":"Awakened One","floor":50,"turns":8}],"seed_played":"4150372662011379414","potions_obtained":[{"floor":7,"key":"DuplicationPotion"},{"floor":12,"key":"LiquidBronze"},{"floor":16,"key":"Strength Potion"},{"floor":22,"key":"ColorlessPotion"},{"floor":22,"key":"DuplicationPotion"},{"floor":23,"key":"GamblersBrew"},{"floor":24,"key":"BloodPotion"},{"floor":30,"key":"Swift Potion"},{"floor":33,"key":"Dexterity Potion"},{"floor":35,"key":"PowerPotion"}],"is_trial":false,"path_per_floor":["M","$","?","M","M","?","E","R","T","R","?","?","M","M","R","B",null,"M","M","M","?","?","E","M","E","T","R","$","T","M","M","R","B",null,"M","$","?","M","?","R","M","R","T","?","T","M","R","M","R","B",null],"character_chosen":"IRONCLAD","items_purchased":["Gremlin Horn","OrangePellets","ICR:PowerAttack"],"campfire_rested":4,"item_purchase_floors":[28,36,36],"current_hp_per_floor":[57,57,50,50,55,30,15,36,36,36,36,30,31,34,34,33,72,71,72,72,72,72,63,63,61,61,61,61,61,72,72,72,63,72,62,62,62,71,71,72,72,72,72,72,72,68,72,72,72,28],"gold":125,"neow_bonus":"IRONCLAD_BERSERKER","is_prod":false,"is_daily":false,"chose_seed":false,"campfire_upgraded":4,"win_rate":0,"timestamp":1673928557,"path_taken":["M","$","?","M","M","?","E","R","T","R","?","?","M","M","R","BOSS","M","M","M","?","?","E","M","E","T","R","$","?","M","M","R","BOSS","M","$","?","M","?","R","M","R","T","?","?","M","R","M","R","BOSS"],"build_version":"2022-12-18","purchased_purges":1,"victory":true,"max_hp_per_floor":[72,72,72,72,72,72,72,72,72,72,72,72,72,72,72,72,72,72,72,72,72,72,72,72,72,72,72,72,72,72,72,72,72,72,72,72,72,72,72,72,72,72,72,72,72,72,72,72,72,72],"card_choices":[{"not_picked":["Warcry","Heavy Blade"],"picked":"Armaments","floor":1},{"not_picked":["Body Slam","Corruption"],"picked":"Cleave","floor":4},{"not_picked":["Twin Strike","True Grit"],"picked":"Burning Pact","floor":5},{"not_picked":["Double Tap","Armaments"],"picked":"Shockwave","floor":7},{"not_picked":["Intimidate","Clothesline"],"picked":"Inflame","floor":13},{"not_picked":["Infernal Blade","Sentinel"],"picked":"Intimidate","floor":14},{"not_picked":["Demon Form","Corruption"],"picked":"Offering","floor":16},{"not_picked":["Sever Soul","Dropkick"],"picked":"ICR:Frenzy+1","floor":18},{"not_picked":["Seeing Red","Body Slam"],"picked":"Clash","floor":19},{"not_picked":["Anger","Headbutt+1","Body Slam"],"picked":"SKIP","floor":20},{"not_picked":["Seeing Red","Pummel","Headbutt+1"],"picked":"SKIP","floor":23},{"not_picked":["Wild Strike","Clothesline"],"picked":"Uppercut","floor":24},{"not_picked":["Seeing Red+1","Shrug It Off"],"picked":"Demon Form","floor":25},{"not_picked":["Anger","Sentinel"],"picked":"Rage","floor":30},{"not_picked":["Wild Strike","Thunderclap"],"picked":"Clash","floor":31},{"not_picked":["Immolate","Corruption"],"picked":"Double Tap","floor":33},{"not_picked":["Pommel Strike","Sword Boomerang"],"picked":"Power Through+1","floor":35},{"not_picked":["True Grit","Body Slam"],"picked":"Disarm+1","floor":38},{"not_picked":["Flame Barrier+1","Heavy Blade"],"picked":"Spot Weakness","floor":41},{"not_picked":["Cleave+1","Twin Strike","Pommel Strike+1"],"picked":"SKIP","floor":46},{"not_picked":["Shockwave+1","Dark Embrace"],"picked":"Perfected Strike","floor":48}],"player_experience":1091088,"relics_obtained":[{"floor":7,"key":"Calipers"},{"floor":9,"key":"Blue Candle"},{"floor":12,"key":"Bronze Scales"},{"floor":23,"key":"Pen Nib"},{"floor":25,"key":"Magic Flower"},{"floor":26,"key":"Pantograph"},{"floor":29,"key":"The Courier"},{"floor":43,"key":"Ornamental Fan"},{"floor":45,"key":"Omamori"}],"event_choices":[{"cards_removed":["Clumsy"],"damage_healed":0,"gold_gain":0,"player_choice":"Card Removal","damage_taken":7,"max_hp_gain":0,"max_hp_loss":0,"event_name":"Golden Wing","floor":3,"gold_loss":0},{"damage_healed":0,"gold_gain":0,"player_choice":"Relic ","damage_taken":25,"max_hp_gain":0,"max_hp_loss":0,"event_name":"betterThird:BetterScrap","floor":6,"gold_loss":0,"cards_obtained":["Reflex"]},{"cards_removed":["Twin Strike"],"damage_healed":0,"gold_gain":0,"player_choice":"Offered Basic","damage_taken":0,"max_hp_gain":0,"max_hp_loss":0,"event_name":"Bonfire Elementals","floor":11,"gold_loss":0},{"damage_healed":0,"gold_gain":30,"player_choice":"Searched \u00272\u0027 times","damage_taken":0,"max_hp_gain":0,"max_hp_loss":0,"event_name":"Dead Adventurer","floor":12,"gold_loss":0},{"damage_healed":0,"gold_gain":0,"player_choice":"Ignored","damage_taken":0,"max_hp_gain":0,"max_hp_loss":0,"event_name":"N\u0027loth","floor":21,"gold_loss":0},{"damage_healed":0,"gold_gain":0,"player_choice":"Bought 2 Potions","damage_taken":0,"max_hp_gain":0,"max_hp_loss":0,"event_name":"The Woman in Blue","floor":22,"gold_loss":0},{"cards_removed":["Shame"],"damage_healed":0,"gold_gain":0,"player_choice":"Removed Curses","damage_taken":0,"max_hp_gain":0,"max_hp_loss":0,"event_name":"Fountain of Cleansing","floor":37,"gold_loss":0},{"damage_healed":0,"gold_gain":0,"player_choice":"Ignored","damage_taken":0,"max_hp_gain":0,"max_hp_loss":0,"event_name":"Tomb of Lord Red Mask","floor":39,"gold_loss":0},{"cards_removed":["Clash"],"damage_healed":0,"gold_gain":0,"player_choice":"Removed Attack","damage_taken":0,"max_hp_gain":0,"max_hp_loss":0,"event_name":"Falling","floor":44,"gold_loss":0}],"is_beta":false,"boss_relics":[{"not_picked":["Astrolabe","Empty Cage"],"picked":"Cursed Key"},{"not_picked":["Tiny House","SacredBark"],"picked":"Fusion Hammer"}],"items_purged_floors":[28],"is_endless":false,"potions_floor_spawned":[7,12,16,23,24,25,30,33,35,41,48],"ascension_level":0}