{"gold_per_floor":[116,18,18,30,82,110,110,121,121,148,98,98,98,134,134,247,247,257,89,114,130,141,141,176,276,276,138,148,148,162,162,162,268,268,290,115,133,161,180,223,243,293,293,293,306,339,339,366,366,366],"floor_reached":51,"playtime":2520,"items_purged":["Defend_R","Strike_R","Defend_R","Strike_R","Defend_R"],"score":1093,"play_id":"c9453724-49e8-4a7d-9da0-0349daff52da","local_time":"20230115224046","is_ascension_mode":true,"campfire_choices":[{"data":"Apotheosis","floor":7,"key":"SMITH"},{"data":"Limit Break","floor":12,"key":"SMITH"},{"floor":15,"key":"REST"},{"data":"Master of Strategy","floor":23,"key":"SMITH"},{"floor":32,"key":"REST"},{"data":"1","floor":47,"key":"LIFT"},{"data":"2","floor":49,"key":"LIFT"}],"neow_cost":"","seed_source_timestamp":414405574676300,"circlet_count":0,"master_deck":["Strike_R","Strike_R","Bash","Apotheosis+1","Inflame","Shrug It Off","Master of Strategy+1","Pummel","Cleave","Disarm","Disarm","Warcry","Disarm","Limit Break+1","Inflame","Reaper","Shrug It Off","Heavy Blade","Warcry","Limit Break","Infernal Blade+1","Secret Technique","Flash of Steel","Ghostly Armor+1","Pommel Strike+1","Dark Embrace+1"],"relics":["Black Blood","Potion Belt","White Beast Statue","Bag of Preparation","Regal Pillow","CeramicFish","Gremlin Horn","MawBank","betterThird:NestCultRelic","Philosopher\u0027s Stone","Anchor","Girya","Self Forming Clay","Strawberry","Mercury Hourglass"],"potions_floor_usage":[10,14,20,20,24,24,24,24,24,30,35,35,39,50],"damage_taken":[{"damage":0,"enemies":"2 Louse","floor":1,"turns":2},{"damage":6,"enemies":"Jaw Worm","floor":4,"turns":4},{"damage":12,"enemies":"Lagavulin","floor":6,"turns":6},{"damage":1,"enemies":"Cultist","floor":8,"turns":4},{"damage":24,"enemies":"Gremlin Nob","floor":10,"turns":4},{"damage":12,"enemies":"3 Sentries","floor":14,"turns":4},{"damage":18,"enemies":"Hexaghost","floor":16,"turns":7},{"damage":11,"enemies":"Shell Parasite","floor":18,"turns":5},{"damage":39,"enemies":"2 Thieves","floor":20,"turns":4},{"damage":31,"enemies":"Chosen and Byrds","floor":21,"turns":6},{"damage":0,"enemies":"Snake Plant","floor":22,"turns":5},{"damage":16,"enemies":"Slavers","floor":24,"turns":7},{"damage":18,"enemies":"Shelled Parasite and Fungi","floor":28,"turns":5},{"damage":30,"enemies":"Centurion and Healer","floor":30,"turns":5},{"damage":25,"enemies":"Champ","floor":33,"turns":7},{"damage":26,"enemies":"3 Darklings","floor":35,"turns":4},{"damage":32,"enemies":"3 Shapes","floor":38,"turns":3},{"damage":45,"enemies":"Maw","floor":39,"turns":5},{"damage":53,"enemies":"Nemesis","floor":40,"turns":5},{"damage":27,"enemies":"Writhing Mass","floor":41,"turns":5},{"damage":36,"enemies":"Mind Bloom Boss Battle","floor":42,"turns":4},{"damage":54,"enemies":"Sphere and 2 Shapes","floor":45,"turns":5},{"damage":8,"enemies":"Giant Head","floor":46,"turns":4},{"damage":11,"enemies":"Nemesis","floor":48,"turns":5},{"damage":42,"enemies":"Time Eater","floor":50,"turns":5}],"seed_played":"390406279582726801","potions_obtained":[{"floor":4,"key":"SkillPotion"},{"floor":6,"key":"PowerPotion"},{"floor":8,"key":"ElixirPotion"},{"floor":10,"key":"CultistPotion"},{"floor":14,"key":"SteroidPotion"},{"floor":16,"key":"Weak Potion"},{"floor":18,"key":"EntropicBrew"},{"floor":20,"key":"EssenceOfSteel"},{"floor":21,"key":"Weak Potion"},{"floor":24,"key":"FairyPotion"},{"floor":28,"key":"Ancient Potion"},{"floor":30,"key":"HeartOfIron"},{"floor":35,"key":"Explosive Potion"},{"floor":38,"key":"LiquidBronze"},{"floor":39,"key":"Explosive Potion"},{"floor":40,"key":"Strength Potion"},{"floor":41,"key":"BloodPotion"},{"floor":45,"key":"Energy Potion"},{"floor":46,"key":"Fruit Juice"}],"is_trial":false,"path_per_floor":["M","$","?","M","T","E","R","M","T","E","?","R","?","E","R","B",null,"M","$","M","M","M","R","E","?","T","$","M","?","M","?","R","B",null,"M","$","?","M","M","E","M","?","T","?","M","E","R","E","R","B",null],"character_chosen":"IRONCLAD","items_purchased":["Apotheosis","Inflame","Shrug It Off","Master of Strategy","Pummel","Cleave","Disarm","Warcry","Shrug It Off"],"campfire_rested":2,"item_purchase_floors":[0,0,0,0,0,0,2,2,19],"current_hp_per_floor":[49,49,75,75,75,69,69,74,74,56,56,56,49,43,80,68,80,80,80,79,69,80,80,80,80,80,80,80,80,78,78,80,67,80,80,80,70,80,80,50,80,80,80,76,76,83,83,83,83,88],"gold":366,"neow_bonus":"","is_prod":false,"is_daily":false,"chose_seed":false,"campfire_upgraded":3,"win_rate":0,"timestamp":1673840446,"path_taken":["M","$","?","M","?","E","R","?","T","E","?","R","?","E","R","BOSS","M","$","M","M","M","R","E","?","T","$","M","?","M","?","R","BOSS","M","$","?","M","M","E","?","?","T","?","M","E","R","E","R","BOSS"],"build_version":"2022-12-18","purchased_purges":5,"victory":true,"max_hp_per_floor":[80,80,80,80,80,80,80,80,80,80,80,80,80,80,80,80,80,80,80,80,80,80,80,80,80,80,80,80,80,80,80,80,80,80,80,80,80,80,80,80,80,80,80,76,76,83,83,83,83,88],"card_choices":[{"not_picked":["Clothesline","Shrug It Off"],"picked":"Disarm","floor":1},{"not_picked":["Intimidate","Flex"],"picked":"Disarm","floor":4},{"not_picked":["Heavy Blade","Reckless Charge","Havoc"],"picked":"SKIP","floor":6},{"not_picked":["Uppercut","Warcry"],"picked":"Limit Break","floor":8},{"not_picked":["Warcry","Bloodletting","Fire Breathing"],"picked":"SKIP","floor":10},{"not_picked":["Havoc","Rage"],"picked":"Inflame","floor":14},{"not_picked":["Impervious","Berserk"],"picked":"Reaper","floor":16},{"not_picked":["Shrug It Off+1","Evolve+1","Sword Boomerang"],"picked":"SKIP","floor":18},{"not_picked":["Iron Wave","Anger"],"picked":"Heavy Blade","floor":20},{"not_picked":["Feel No Pain+1","Blood for Blood+1","Body Slam"],"picked":"SKIP","floor":21},{"not_picked":["Carnage","Infernal Blade","Seeing Red"],"picked":"SKIP","floor":22},{"not_picked":["Clash","Flex"],"picked":"Warcry","floor":24},{"not_picked":["Shockwave","Armaments","Perfected Strike"],"picked":"SKIP","floor":28},{"not_picked":["Uppercut","Thunderclap+1","Blood for Blood"],"picked":"SKIP","floor":30},{"not_picked":["Feed","Offering"],"picked":"Limit Break","floor":33},{"not_picked":["Cleave+1","Power Through+1"],"picked":"Infernal Blade+1","floor":35},{"not_picked":["Dramatic Entrance","Discovery"],"picked":"Secret Technique","floor":37},{"not_picked":["Discovery","Good Instincts"],"picked":"Flash of Steel","floor":37},{"not_picked":["Thunderclap","Cleave","Ghostly Armor+1"],"picked":"SKIP","floor":38},{"not_picked":["Thunderclap","Cleave"],"picked":"Ghostly Armor+1","floor":38},{"not_picked":["Dark Embrace","Second Wind"],"picked":"Pommel Strike+1","floor":39},{"not_picked":["Pommel Strike","Reckless Charge+1"],"picked":"Dark Embrace+1","floor":40},{"not_picked":["Armaments+1","Dual Wield","Searing Blow+1"],"picked":"SKIP","floor":41},{"not_picked":["Rupture+1","Wild Strike+1","True Grit"],"picked":"SKIP","floor":45},{"not_picked":["Seeing Red+1","Anger+1","Limit Break"],"picked":"SKIP","floor":46},{"not_picked":["Perfected Strike","Heavy Blade","Burning Pact"],"picked":"SKIP","floor":48}],"player_experience":1079846,"relics_obtained":[{"floor":5,"key":"Potion Belt"},{"floor":6,"key":"White Beast Statue"},{"floor":9,"key":"Bag of Preparation"},{"floor":10,"key":"Regal Pillow"},{"floor":14,"key":"CeramicFish"},{"floor":24,"key":"Gremlin Horn"},{"floor":26,"key":"MawBank"},{"floor":40,"key":"Anchor"},{"floor":42,"key":"Girya"},{"floor":43,"key":"Self Forming Clay"},{"floor":46,"key":"Strawberry"},{"floor":48,"key":"Mercury Hourglass"}],"event_choices":[{"damage_healed":26,"gold_gain":0,"player_choice":"Banana","damage_taken":0,"max_hp_gain":0,"max_hp_loss":0,"event_name":"Big Fish","floor":3,"gold_loss":0},{"cards_removed":["Defend_R"],"damage_healed":0,"gold_gain":0,"player_choice":"Card Removal","damage_taken":0,"max_hp_gain":0,"max_hp_loss":0,"event_name":"The Cleric","floor":11,"gold_loss":50},{"cards_removed":["Strike_R"],"damage_healed":0,"gold_gain":0,"player_choice":"Card Removal","damage_taken":7,"max_hp_gain":0,"max_hp_loss":0,"event_name":"Golden Wing","floor":13,"gold_loss":0},{"damage_healed":0,"gold_gain":100,"player_choice":"Pray","damage_taken":0,"max_hp_gain":0,"max_hp_loss":0,"event_name":"Golden Shrine","floor":25,"gold_loss":0},{"damage_healed":0,"gold_gain":0,"player_choice":"Ignored","damage_taken":0,"max_hp_gain":0,"max_hp_loss":0,"event_name":"betterNote:BetterNote","floor":29,"gold_loss":0,"cards_obtained":["Combust"]},{"damage_healed":0,"gold_gain":0,"player_choice":"Madness","damage_taken":0,"relics_obtained":["betterThird:NestCultRelic"],"max_hp_gain":0,"max_hp_loss":0,"event_name":"betterThird:BetterNest","floor":31,"gold_loss":0},{"damage_healed":0,"gold_gain":0,"player_choice":"Random: Blue","damage_taken":0,"max_hp_gain":0,"max_hp_loss":0,"event_name":"betterThird:BetterPortal","floor":37,"gold_loss":0},{"damage_healed":0,"gold_gain":0,"player_choice":"Memory 3","damage_taken":10,"max_hp_gain":0,"max_hp_loss":0,"event_name":"SensoryStone","floor":37,"gold_loss":0},{"damage_healed":0,"gold_gain":0,"player_choice":"Fight","damage_taken":0,"max_hp_gain":0,"max_hp_loss":0,"event_name":"MindBloom","floor":42,"gold_loss":0},{"damage_healed":0,"gold_gain":0,"player_choice":"Max HP","damage_taken":0,"max_hp_gain":0,"max_hp_loss":4,"event_name":"Winding Halls","floor":44,"gold_loss":0}],"is_beta":false,"boss_relics":[{"not_picked":["Snecko Eye","Tiny House"],"picked":"Black Blood"},{"not_picked":["Calling Bell","Pandora\u0027s Box"],"picked":"Philosopher\u0027s Stone"}],"items_purged_floors":[0,0,19,27,36],"is_endless":false,"potions_floor_spawned":[4,6,8,10,14,16,18,20,21,22,24,28,30,33,35,38,39,40,41,42,45,46,48],"ascension_level":2}