{"gold_per_floor":[111,124,141,141,155,185,185,220,274,287,22,38,58,73,73,172,172,190,190,205,223,242,274,301,301,381,393,393,268,288,323,323,323],"floor_reached":33,"playtime":1704,"items_purged":["Defend_R","Strike_R"],"score":403,"play_id":"af1dac20-d7bf-4fbd-a509-84080508d02c","local_time":"20230108221130","is_ascension_mode":false,"campfire_choices":[{"data":"Rupture","floor":7,"key":"SMITH"},{"floor":15,"key":"REST"},{"floor":25,"key":"REST"},{"floor":28,"key":"REST"},{"data":"Perfected Strike","floor":32,"key":"SMITH"}],"neow_cost":"","seed_source_timestamp":627458834915800,"circlet_count":0,"master_deck":["Strike_R","Strike_R","Strike_R","Defend_R","Defend_R","Bash","bad_ironclad:Convert+1","bad_ironclad:Dedication","bad_spire:disleg","Evolve","bad_ironclad:PerfectedDefend","bad_ironclad:SharpenedEdge+1","bad_spire:queen","Rupture+1","Bandage Up","Shrug It Off","Shrug It Off","Immolate","Sever Soul","Clash","Offering","bad_ironclad:TargetPractice","bad_ironclad:PerfectedDefend+1","Carnage","Impatience","bad_ironclad:PerfectedDefend","Perfected Strike+1","bad_spire:solution","Thunderclap+1"],"relics":["Black Blood","moreChoices:MoreCardChoices","Bag of Preparation","Bottled Tornado","PreservedInsect","Bronze Scales","HandDrill","Paper Frog","Boot","Pantograph","Shuriken"],"potions_floor_usage":[6,12,13,13,18,31,31,33,33],"damage_taken":[{"damage":16,"enemies":"Jaw Worm","floor":1,"turns":3},{"damage":8,"enemies":"Cultist","floor":2,"turns":3},{"damage":2,"enemies":"Small Slimes","floor":3,"turns":3},{"damage":14,"enemies":"Exordium Wildlife","floor":5,"turns":4},{"damage":26,"enemies":"3 Sentries","floor":6,"turns":9},{"damage":43,"enemies":"Lagavulin","floor":8,"turns":8},{"damage":10,"enemies":"2 Fungi Beasts","floor":10,"turns":5},{"damage":10,"enemies":"Lots of Slimes","floor":12,"turns":4},{"damage":0,"enemies":"Looter","floor":13,"turns":4},{"damage":7,"enemies":"Red Slaver","floor":14,"turns":3},{"damage":33,"enemies":"Slime Boss","floor":16,"turns":10},{"damage":14,"enemies":"3 Byrds","floor":18,"turns":3},{"damage":25,"enemies":"2 Thieves","floor":20,"turns":4},{"damage":43,"enemies":"Snake Plant","floor":21,"turns":5},{"damage":32,"enemies":"Snecko","floor":22,"turns":6},{"damage":28,"enemies":"Slavers","floor":23,"turns":5},{"damage":37,"enemies":"Centurion and Healer","floor":27,"turns":5},{"damage":29,"enemies":"Shelled Parasite and Fungi","floor":30,"turns":4},{"damage":18,"enemies":"Book of Stabbing","floor":31,"turns":5},{"damage":95,"enemies":"Automaton","floor":33,"turns":6}],"seed_played":"-1288571937643782778","potions_obtained":[{"floor":3,"key":"GamblersBrew"},{"floor":8,"key":"SpeedPotion"},{"floor":10,"key":"FearPotion"},{"floor":12,"key":"Fruit Juice"},{"floor":16,"key":"ColorlessPotion"},{"floor":22,"key":"bad_spire:modern"},{"floor":23,"key":"FearPotion"},{"floor":27,"key":"Block Potion"},{"floor":31,"key":"Regen Potion"}],"is_trial":false,"path_per_floor":["M","M","M","?","M","E","R","E","T","M","$","M","M","M","R","B",null,"M","?","M","M","M","E","T","R","T","M","R","$","M","E","R","B"],"character_chosen":"IRONCLAD","items_purchased":["bad_ironclad:Dedication","HandDrill","Shrug It Off","Perfected Strike"],"campfire_rested":3,"item_purchase_floors":[0,11,11,29],"current_hp_per_floor":[70,68,72,72,64,44,44,11,11,11,11,11,26,25,50,27,85,85,85,76,49,29,17,17,42,42,21,46,46,33,31,31,0],"gold":323,"neow_bonus":"","is_prod":false,"is_daily":false,"chose_seed":false,"campfire_upgraded":2,"win_rate":0,"timestamp":1673233890,"path_taken":["M","M","M","?","M","E","R","E","T","?","$","M","M","M","R","BOSS","M","?","M","M","M","E","?","R","T","M","R","$","M","E","R","BOSS"],"build_version":"2022-12-18","purchased_purges":2,"victory":false,"max_hp_per_floor":[80,80,80,80,80,80,80,80,80,80,80,80,85,85,85,85,85,85,85,85,85,85,85,85,85,85,85,85,85,85,85,85,85],"card_choices":[{"not_picked":["bad_spire:mayhem","Discovery","Finesse","bad_spire:optics"],"picked":"bad_spire:disleg","floor":1},{"not_picked":["Body Slam","Sword Boomerang","Dual Wield","Cleave"],"picked":"Evolve","floor":1},{"not_picked":["Havoc","Iron Wave","Power Through","Spot Weakness"],"picked":"bad_ironclad:PerfectedDefend","floor":2},{"not_picked":["Flame Barrier","bad_ironclad:Convert","Intimidate","bad_ironclad:TargetPractice"],"picked":"bad_ironclad:SharpenedEdge","floor":3},{"not_picked":["bad_spire:king","bad_spire:back","bad_spire:descent","Mind Blast"],"picked":"bad_spire:queen","floor":5},{"not_picked":["bad_ironclad:Unleash","bad_ironclad:Dedication","Sentinel","Ghostly Armor","Flame Barrier"],"picked":"SKIP","floor":5},{"not_picked":["bad_ironclad:Patience","bad_ironclad:TargetPractice","Inflame","Rampage"],"picked":"Rupture","floor":6},{"not_picked":["Trip","Swift Strike","Blind","Dramatic Entrance"],"picked":"Bandage Up","floor":6},{"not_picked":["Combust","Iron Wave","Twin Strike","Ghostly Armor"],"picked":"Shrug It Off","floor":8},{"not_picked":["Seeing Red","Body Slam","Twin Strike","bad_ironclad:Adaptation","bad_ironclad:Convert"],"picked":"SKIP","floor":10},{"not_picked":["Headbutt","Spot Weakness","Perfected Strike","bad_ironclad:ShieldClash"],"picked":"Immolate","floor":12},{"not_picked":["Clothesline","Feel No Pain","Burning Pact","Dual Wield"],"picked":"Sever Soul","floor":13},{"not_picked":["Heavy Blade","Warcry","bad_ironclad:Adaptation","Reckless Charge"],"picked":"Clash","floor":14},{"not_picked":["bad_ironclad:Overcome","bad_ironclad:EndOfTheRoad","Bludgeon","Barricade"],"picked":"Offering","floor":16},{"not_picked":["bad_ironclad:Convert","True Grit","Perfected Strike","Body Slam","Heavy Blade"],"picked":"SKIP","floor":18},{"not_picked":["Infernal Blade+1","Dual Wield","Body Slam","Havoc+1"],"picked":"bad_ironclad:TargetPractice","floor":20},{"not_picked":["bad_spire:momentum","bad_spire:backthought","bad_spire:disleg","Sadistic Nature","bad_spire:orbit"],"picked":"SKIP","floor":20},{"not_picked":["Thunderclap","Body Slam+1","bad_ironclad:ShieldClash","bad_ironclad:Adaptation","Shrug It Off"],"picked":"SKIP","floor":21},{"not_picked":["bad_ironclad:ShieldClash","Headbutt+1","Cleave+1","Bludgeon"],"picked":"bad_ironclad:PerfectedDefend+1","floor":22},{"not_picked":["Ghostly Armor","bad_ironclad:Repurpose","bad_ironclad:Deprecate","Uppercut"],"picked":"Carnage","floor":23},{"not_picked":["bad_spire:conjure","bad_spire:deadweight","Deep Breath","Jack Of All Trades"],"picked":"Impatience","floor":23},{"not_picked":["Clothesline","Heavy Blade","Headbutt","Combust+1"],"picked":"bad_ironclad:PerfectedDefend","floor":27},{"not_picked":["Finesse","bad_spire:conjure","bad_spire:momentum","Trip","Apotheosis"],"picked":"SKIP","floor":27},{"not_picked":["PanicButton","bad_spire:tickbox","Discovery","Flash of Steel"],"picked":"bad_spire:solution","floor":30},{"not_picked":["Body Slam","Iron Wave+1","bad_ironclad:Patience","Heavy Blade+1","Twin Strike"],"picked":"SKIP","floor":30},{"not_picked":["Pommel Strike","Havoc+1","Immolate","Iron Wave"],"picked":"Thunderclap+1","floor":31}],"player_experience":988465,"relics_obtained":[{"floor":6,"key":"Bottled Tornado"},{"floor":8,"key":"PreservedInsect"},{"floor":9,"key":"Bronze Scales"},{"floor":23,"key":"Paper Frog"},{"floor":24,"key":"Boot"},{"floor":26,"key":"Pantograph"},{"floor":31,"key":"Shuriken"}],"event_choices":[{"damage_healed":0,"gold_gain":0,"player_choice":"Upgraded","damage_taken":0,"max_hp_gain":0,"max_hp_loss":0,"event_name":"Upgrade Shrine","floor":4,"gold_loss":0,"cards_upgraded":["bad_ironclad:SharpenedEdge"]},{"damage_healed":0,"gold_gain":0,"player_choice":"Upgraded","damage_taken":0,"max_hp_gain":0,"max_hp_loss":0,"event_name":"Upgrade Shrine","floor":19,"gold_loss":0,"cards_upgraded":["bad_ironclad:Convert"]}],"is_beta":false,"boss_relics":[{"not_picked":["Coffee Dripper","Philosopher\u0027s Stone"],"picked":"Black Blood"}],"items_purged_floors":[11,29],"is_endless":false,"potions_floor_spawned":[3,8,10,12,16,22,23,27,31],"killed_by":"Automaton","ascension_level":0}