{"gold_per_floor":[118,47,64,15,27,58,58,85,85,85,96,96,113,141,141,244,244,259,278,328,328,184,184,184],"floor_reached":24,"playtime":559,"items_purged":[],"score":421,"play_id":"9a91eb2c-197b-43ee-bfe1-d688155b3099","local_time":"20230117163502","is_ascension_mode":true,"campfire_choices":[{"data":"Flex","floor":7,"key":"SMITH"},{"data":"Flex","floor":10,"key":"SMITH"},{"data":"Clash","floor":12,"key":"SMITH"},{"data":"Clash","floor":15,"key":"SMITH"},{"data":"Limit Break","floor":23,"key":"SMITH"}],"neow_cost":"NONE","seed_source_timestamp":147315610596200,"circlet_count":0,"master_deck":["Clash+1","Clash+1","Flex+1","Shockwave","Flex+1","Limit Break+1","Clash","Clash"],"relics":["Black Blood","Bottled Lightning","Peace Pipe","Du-Vu Doll","Kunai","ClockworkSouvenir"],"potions_floor_usage":[6,13,24],"damage_taken":[{"damage":0,"enemies":"Cultist","floor":1,"turns":2},{"damage":0,"enemies":"2 Louse","floor":3,"turns":1},{"damage":0,"enemies":"Small Slimes","floor":5,"turns":2},{"damage":0,"enemies":"3 Sentries","floor":6,"turns":2},{"damage":15,"enemies":"Lagavulin","floor":8,"turns":3},{"damage":0,"enemies":"2 Fungi Beasts","floor":11,"turns":1},{"damage":4,"enemies":"Lots of Slimes","floor":13,"turns":2},{"damage":0,"enemies":"Gremlin Nob","floor":14,"turns":2},{"damage":31,"enemies":"The Guardian","floor":16,"turns":4},{"damage":0,"enemies":"Spheric Guardian","floor":18,"turns":2},{"damage":10,"enemies":"Shell Parasite","floor":19,"turns":2},{"damage":85,"enemies":"Book of Stabbing","floor":24,"turns":5}],"seed_played":"-16801262060170466","potions_obtained":[{"floor":3,"key":"AttackPotion"},{"floor":8,"key":"Explosive Potion"},{"floor":16,"key":"CultistPotion"},{"floor":18,"key":"Explosive Potion"}],"is_trial":false,"path_per_floor":["M","$","M","$","M","E","R","E","T","R","M","R","M","E","R","B",null,"M","M","?","?","$","R","E"],"character_chosen":"IRONCLAD","items_purchased":["Clash","Flex","Flex","ClockworkSouvenir"],"campfire_rested":0,"item_purchase_floors":[2,2,4,22],"current_hp_per_floor":[78,78,80,80,80,80,80,71,71,71,77,77,79,80,80,55,74,80,80,80,80,80,80,0],"gold":184,"neow_bonus":"IRONCLAD_RAGER","is_prod":false,"is_daily":false,"chose_seed":false,"campfire_upgraded":5,"win_rate":0,"timestamp":1673991302,"path_taken":["M","$","M","?","M","E","R","E","T","R","M","R","M","E","R","BOSS","M","?","?","?","$","R","E"],"build_version":"2022-12-18","purchased_purges":0,"victory":false,"max_hp_per_floor":[80,80,80,80,80,80,80,80,80,80,80,80,80,80,80,80,80,80,80,80,80,80,80,80],"card_choices":[{"not_picked":["Twin Strike","Anger"],"picked":"Clash","floor":1},{"not_picked":["Bloodletting","Battle Trance"],"picked":"Shockwave","floor":3},{"not_picked":["Iron Wave","Havoc","Heavy Blade"],"picked":"SKIP","floor":5},{"not_picked":["Reckless Charge","Power Through","Seeing Red"],"picked":"SKIP","floor":6},{"not_picked":["Sword Boomerang","Twin Strike","Intimidate"],"picked":"SKIP","floor":8},{"not_picked":["Feel No Pain","Bloodletting","Perfected Strike"],"picked":"SKIP","floor":11},{"not_picked":["Bludgeon","Dropkick","Perfected Strike"],"picked":"SKIP","floor":13},{"not_picked":["Burning Pact","Cleave","Havoc"],"picked":"SKIP","floor":14},{"not_picked":["bad_spire:chance","bad_spire:bomb","bad_spire:roll"],"picked":"SKIP","floor":14},{"not_picked":["Immolate","Bludgeon"],"picked":"Limit Break","floor":16},{"not_picked":["Shrug It Off","Body Slam"],"picked":"Clash","floor":18},{"not_picked":["Anger+1","Reckless Charge+1"],"picked":"Clash","floor":19}],"player_experience":1128775,"relics_obtained":[{"floor":6,"key":"Bottled Lightning"},{"floor":8,"key":"Peace Pipe"},{"floor":9,"key":"Du-Vu Doll"},{"floor":14,"key":"Kunai"}],"event_choices":[{"damage_healed":0,"gold_gain":100,"player_choice":"Bet on Murderer","damage_taken":0,"max_hp_gain":0,"max_hp_loss":0,"event_name":"The Joust","floor":20,"gold_loss":50},{"damage_healed":0,"gold_gain":0,"player_choice":"Ignored","damage_taken":0,"max_hp_gain":0,"max_hp_loss":0,"event_name":"betterNote:BetterNote","floor":21,"gold_loss":0,"cards_obtained":["Hemokinesis"]}],"is_beta":false,"boss_relics":[{"not_picked":["Empty Cage","Busted Crown"],"picked":"Black Blood"}],"items_purged_floors":[],"is_endless":false,"potions_floor_spawned":[3,8,16,18],"killed_by":"Book of Stabbing","ascension_level":10}