{"gold_per_floor":[119,131,131,143,27,27,59,74,74,21,52,52,4,20,20,20],"floor_reached":16,"playtime":701,"items_purged":["Defend_R"],"score":160,"play_id":"b91256da-7b63-48ef-b7cc-126af5f60e41","local_time":"20230117162456","is_ascension_mode":false,"campfire_choices":[{"data":"Dark Embrace","floor":6,"key":"SMITH"},{"floor":12,"key":"REST"},{"floor":15,"key":"REST"}],"neow_cost":"","seed_source_timestamp":146568510968500,"circlet_count":0,"master_deck":["Strike_R","Strike_R","Strike_R","Strike_R","Strike_R","Defend_R","Defend_R","Defend_R","Bash","Evolve","bad_spire:orbit","Dropkick","Rampage","Hemokinesis","Sentinel","Combust","Panacea","Flex","Dark Embrace+1","Burning Pact","Hemokinesis","Bloodletting","Thunderclap","Limit Break"],"relics":["Burning Blood","Blood Vial","Unceasing Top","Ginger","Magic Flower"],"potions_floor_usage":[8,14],"damage_taken":[{"damage":10,"enemies":"2 Louse","floor":1,"turns":4},{"damage":2,"enemies":"Cultist","floor":2,"turns":2},{"damage":8,"enemies":"Jaw Worm","floor":4,"turns":2},{"damage":42,"enemies":"3 Sentries","floor":7,"turns":7},{"damage":20,"enemies":"Exordium Thugs","floor":8,"turns":4},{"damage":20,"enemies":"Lagavulin","floor":11,"turns":5},{"damage":30,"enemies":"Large Slime","floor":14,"turns":5},{"damage":69,"enemies":"The Guardian","floor":16,"turns":8}],"seed_played":"4916343392590826450","potions_obtained":[{"floor":7,"key":"Weak Potion"},{"floor":14,"key":"BloodPotion"}],"is_trial":false,"path_per_floor":["M","M","?","M","$","R","E","M","T","$","E","R","?","M","R","B"],"character_chosen":"IRONCLAD","items_purchased":["Blood Vial","Evolve","bad_spire:orbit","Dropkick","Rampage","Dark Embrace","Burning Pact","Thunderclap"],"campfire_rested":2,"item_purchase_floors":[0,0,0,0,0,5,5,10],"current_hp_per_floor":[76,80,80,78,78,78,44,32,32,32,20,44,44,42,66,0],"gold":20,"neow_bonus":"","is_prod":false,"is_daily":false,"chose_seed":false,"campfire_upgraded":1,"win_rate":0,"timestamp":1673990696,"path_taken":["M","M","?","?","$","R","E","M","T","$","E","R","?","M","R","BOSS"],"build_version":"2022-12-18","purchased_purges":1,"victory":false,"max_hp_per_floor":[80,80,80,80,80,80,80,80,80,80,80,80,80,80,80,80],"card_choices":[{"not_picked":["Inflame","Flex"],"picked":"Hemokinesis","floor":1},{"not_picked":["Havoc","Warcry"],"picked":"Sentinel","floor":2},{"not_picked":["bad_spire:flash","bad_spire:collect"],"picked":"Panacea","floor":4},{"not_picked":["Feel No Pain","Havoc"],"picked":"Flex","floor":4},{"not_picked":["Havoc","Flex"],"picked":"Hemokinesis","floor":7},{"not_picked":["Twin Strike","Iron Wave"],"picked":"Bloodletting","floor":8},{"not_picked":["Power Through","Clash"],"picked":"Limit Break","floor":11},{"not_picked":["Havoc","Cleave","Twin Strike"],"picked":"SKIP","floor":14}],"player_experience":1128060,"relics_obtained":[{"floor":7,"key":"Unceasing Top"},{"floor":9,"key":"Ginger"},{"floor":11,"key":"Magic Flower"}],"event_choices":[{"cards_removed":["Hemokinesis"],"damage_healed":0,"gold_gain":0,"player_choice":"Take \u0026 Give","damage_taken":0,"max_hp_gain":0,"max_hp_loss":0,"event_name":"betterNote:BetterNote","floor":3,"gold_loss":0,"cards_obtained":["Combust"]},{"damage_healed":0,"gold_gain":0,"player_choice":"Left","damage_taken":0,"max_hp_gain":0,"max_hp_loss":0,"event_name":"betterThird:BetterGoop","floor":13,"gold_loss":48}],"is_beta":false,"boss_relics":[],"items_purged_floors":[0],"is_endless":false,"potions_floor_spawned":[7,14],"killed_by":"The Guardian","ascension_level":0}