{"gold_per_floor":[110,56,156,175,175,175,22,22,22,22,48,59,11,11,11,110,110,125,144,42,59,69,69,69],"floor_reached":24,"playtime":1065,"items_purged":["Defend_R"],"score":194,"play_id":"5d1644ad-4d1b-40e9-b1ab-766c9a3cb3ea","local_time":"20230108155925","is_ascension_mode":false,"campfire_choices":[{"data":"bad_ironclad:Convert","floor":6,"key":"SMITH"},{"data":"bad_ironclad:FlameAura","floor":8,"key":"SMITH"},{"data":"bad_ironclad:Sharpen","floor":10,"key":"SMITH"},{"data":"bad_ironclad:SharpenedEdge","floor":15,"key":"SMITH"},{"data":"bad_spire:mayhem","floor":23,"key":"SMITH"}],"neow_cost":"TEN_PERCENT_HP_LOSS","seed_source_timestamp":605772029182600,"circlet_count":0,"master_deck":["Strike_R","Strike_R","Defend_R","Defend_R","Defend_R","Bash","bad_ironclad:Convert+1","Bloodletting","Pummel","bad_ironclad:Sharpen+1","Shrug It Off","bad_ironclad:FlameAura+1","Dual Wield","bad_ironclad:SharpenedEdge+1","bad_ironclad:PerfectedDefend","bad_ironclad:PerfectedClash","Blood for Blood","Rage","bad_ironclad:Dedication","bad_ironclad:ShieldClash","bad_spire:mayhem+1"],"relics":["Burning Blood","moreChoices:MoreCardChoices","Kunai","Akabeko","Runic Cube"],"potions_floor_usage":[16,18,22],"damage_taken":[{"damage":16,"enemies":"Jaw Worm","floor":1,"turns":3},{"damage":0,"enemies":"Cultist","floor":4,"turns":2},{"damage":13,"enemies":"Lagavulin","floor":11,"turns":5},{"damage":3,"enemies":"2 Louse","floor":12,"turns":1},{"damage":47,"enemies":"Hexaghost","floor":16,"turns":8},{"damage":13,"enemies":"3 Byrds","floor":18,"turns":4},{"damage":6,"enemies":"Chosen","floor":19,"turns":4},{"damage":12,"enemies":"3 Cultists","floor":21,"turns":4},{"damage":24,"enemies":"Snecko","floor":22,"turns":7},{"damage":100021,"enemies":"Slavers","floor":24,"turns":3}],"seed_played":"-159521977930099458","potions_obtained":[{"floor":1,"key":"Fire Potion"},{"floor":11,"key":"Ancient Potion"},{"floor":12,"key":"SneckoOil"},{"floor":21,"key":"Energy Potion"}],"is_trial":false,"path_per_floor":["M","$","?","M","?","R","$","R","T","R","E","M","$","?","R","B",null,"M","M","$","M","M","R","E"],"character_chosen":"IRONCLAD","items_purchased":["Shrug It Off","Dual Wield","bad_ironclad:PerfectedDefend","bad_ironclad:Dedication","bad_ironclad:ShieldClash"],"campfire_rested":0,"item_purchase_floors":[2,7,13,20,20],"current_hp_per_floor":[62,62,62,68,68,68,68,68,68,68,61,64,64,69,69,28,77,70,70,70,64,46,46,0],"gold":69,"neow_bonus":"TRANSFORM_TWO_CARDS","is_prod":false,"is_daily":false,"chose_seed":false,"campfire_upgraded":5,"win_rate":0,"timestamp":1673211565,"path_taken":["M","$","?","?","?","R","$","R","T","R","E","M","$","?","R","BOSS","M","M","$","M","M","R","E"],"build_version":"2022-12-18","purchased_purges":1,"victory":false,"max_hp_per_floor":[72,72,72,72,72,72,72,72,72,72,72,72,72,77,77,77,77,77,77,77,77,77,77,77],"card_choices":[{"not_picked":["Seeing Red","Warcry","Rampage","Rupture"],"picked":"bad_ironclad:Sharpen","floor":1},{"not_picked":["Heavy Blade","Flex","bad_ironclad:Dedication","bad_ironclad:PerfectedDefend"],"picked":"bad_ironclad:FlameAura","floor":4},{"not_picked":["Purity","Mind Blast","Secret Technique","Deep Breath","bad_spire:disleg"],"picked":"SKIP","floor":4},{"not_picked":["Shrug It Off","Wild Strike","Pummel","Anger"],"picked":"bad_ironclad:SharpenedEdge","floor":11},{"not_picked":["Perfected Strike","Pommel Strike","bad_ironclad:Sharpen","Headbutt","bad_ironclad:SharpenedEdge"],"picked":"SKIP","floor":12},{"not_picked":["Fiend Fire","bad_ironclad:Repurpose","Demon Form","bad_ironclad:Smith"],"picked":"bad_ironclad:PerfectedClash","floor":16},{"not_picked":["bad_ironclad:PerfectedDefend","Wild Strike","True Grit","Bloodletting"],"picked":"Blood for Blood","floor":18},{"not_picked":["bad_spire:orbit","bad_spire:chance","Metamorphosis","bad_spire:queen","Swift Strike"],"picked":"SKIP","floor":18},{"not_picked":["bad_ironclad:SharpenedEdge","bad_ironclad:Adaptation","Fire Breathing","Body Slam"],"picked":"Rage","floor":19},{"not_picked":["Battle Trance+1","Sword Boomerang+1","bad_ironclad:Dedication","Anger","Clothesline"],"picked":"SKIP","floor":21},{"not_picked":["Bloodletting","bad_ironclad:Rewound","Perfected Strike","Rampage+1","bad_ironclad:Sharpen"],"picked":"SKIP","floor":22},{"not_picked":["Purity","bad_spire:touch","bad_spire:mayhem","Good Instincts","Forethought"],"picked":"SKIP","floor":22},{"not_picked":["Purity","bad_spire:touch","Good Instincts","Forethought"],"picked":"bad_spire:mayhem","floor":22},{"not_picked":["Bloodletting","bad_ironclad:Rewound","Perfected Strike","Rampage+1","bad_ironclad:Sharpen"],"picked":"SKIP","floor":22}],"player_experience":986647,"relics_obtained":[{"floor":9,"key":"Kunai"},{"floor":11,"key":"Akabeko"}],"event_choices":[{"damage_healed":0,"gold_gain":100,"player_choice":"Pray","damage_taken":0,"max_hp_gain":0,"max_hp_loss":0,"event_name":"Golden Shrine","floor":3,"gold_loss":0},{"damage_healed":0,"gold_gain":0,"player_choice":"Ignored","damage_taken":175,"max_hp_gain":0,"max_hp_loss":0,"event_name":"betterThird:BetterSerpent","floor":5,"gold_loss":0},{"damage_healed":0,"gold_gain":0,"player_choice":"Donut","damage_taken":0,"max_hp_gain":5,"max_hp_loss":0,"event_name":"Big Fish","floor":14,"gold_loss":0}],"is_beta":false,"boss_relics":[{"not_picked":["Calling Bell","Coffee Dripper"],"picked":"Runic Cube"}],"items_purged_floors":[7],"is_endless":false,"potions_floor_spawned":[1,11,12,21],"killed_by":"Slavers","ascension_level":0}