{"gold_per_floor":[117,117,135,145,162,195,195,223,272,272,290,290,240,271,271,371,371,385,385,385,400,400,434,448,448,496,496],"floor_reached":27,"playtime":882,"items_purged":[],"score":377,"play_id":"d26ec39d-2d0f-4c23-b3d8-30ffcb91d760","local_time":"20230118185847","is_ascension_mode":true,"campfire_choices":[{"floor":10,"key":"REST"},{"floor":15,"key":"REST"},{"data":"RitualDagger","floor":25,"key":"SMITH"}],"neow_cost":"NONE","seed_source_timestamp":13621112577400,"circlet_count":0,"master_deck":["AscendersBane","Strike_R","Strike_R+1","Strike_R+1","Strike_R","Defend_R","Defend_R","Defend_R","Bash","Hemokinesis","Carnage","Warcry","Intimidate","Feed","Flex","Clash","Blood for Blood","Impervious","Hemokinesis","RitualDagger+1","Reaper"],"relics":["Burning Blood","Red Skull","reliquary:Hardlight","reliquary:TrafficCone","reliquary:TrainingWheel","Omamori","Runic Cube","reliquary:NewFriend","reliquary:HotPoker","reliquary:PartyBalloon"],"potions_floor_usage":[5,8,14,14,14,23],"damage_taken":[{"damage":9,"enemies":"2 Louse","floor":1,"turns":3},{"damage":6,"enemies":"Cultist","floor":3,"turns":3},{"damage":2,"enemies":"Small Slimes","floor":4,"turns":2},{"damage":17,"enemies":"2 Fungi Beasts","floor":5,"turns":3},{"damage":22,"enemies":"Gremlin Nob","floor":6,"turns":4},{"damage":22,"enemies":"Lagavulin","floor":8,"turns":4},{"damage":9,"enemies":"Exordium Wildlife","floor":11,"turns":5},{"damage":16,"enemies":"Gremlin Nob","floor":14,"turns":3},{"damage":32,"enemies":"Hexaghost","floor":16,"turns":9},{"damage":25,"enemies":"3 Byrds","floor":18,"turns":7},{"damage":12,"enemies":"Chosen","floor":21,"turns":3},{"damage":22,"enemies":"Slavers","floor":23,"turns":4},{"damage":18,"enemies":"3 Cultists","floor":24,"turns":4},{"damage":35,"enemies":"Sentry and Sphere","floor":27,"turns":3}],"seed_played":"-3126453413150292063","potions_obtained":[{"floor":1,"key":"FearPotion"},{"floor":4,"key":"Regen Potion"},{"floor":6,"key":"LiquidMemories"},{"floor":7,"key":"SneckoOil"},{"floor":11,"key":"SteroidPotion"},{"floor":21,"key":"Swift Potion"},{"floor":24,"key":"Ancient Potion"}],"is_trial":false,"path_per_floor":["M","?","M","M","M","E","?","E","T","R","M","?","?","E","R","B",null,"M","?","T","M","?","E","M","R","T","M"],"character_chosen":"IRONCLAD","items_purchased":[],"campfire_rested":2,"item_purchase_floors":[],"current_hp_per_floor":[69,53,53,57,55,39,39,23,23,47,47,47,47,37,61,38,74,55,55,55,49,43,30,18,18,18,0],"gold":496,"neow_bonus":"RANDOM_COMMON_RELIC","is_prod":false,"is_daily":false,"chose_seed":false,"campfire_upgraded":1,"win_rate":0,"timestamp":1674086327,"path_taken":["M","?","M","M","M","E","?","E","T","R","?","?","?","E","R","BOSS","M","?","?","M","?","E","M","R","T","M"],"build_version":"2022-12-18","purchased_purges":0,"victory":false,"max_hp_per_floor":[80,80,80,80,80,80,80,80,80,80,83,83,83,83,83,86,86,86,86,86,86,86,89,89,89,89,89],"card_choices":[{"not_picked":["Thunderclap","Blood for Blood"],"picked":"Hemokinesis","floor":1},{"not_picked":["Seeing Red","Pommel Strike"],"picked":"Carnage","floor":3},{"not_picked":["Searing Blow","Thunderclap"],"picked":"Warcry","floor":4},{"not_picked":["True Grit","Infernal Blade"],"picked":"Intimidate","floor":5},{"not_picked":["Clash","Searing Blow","Hemokinesis"],"picked":"SKIP","floor":6},{"not_picked":["Pummel","Body Slam"],"picked":"Feed","floor":8},{"not_picked":["Pummel","Burning Pact"],"picked":"Flex","floor":11},{"not_picked":["Body Slam","Shrug It Off"],"picked":"Blood for Blood","floor":14},{"not_picked":["Exhume","Double Tap"],"picked":"Impervious","floor":16},{"not_picked":["Warcry+1","Whirlwind+1","Anger"],"picked":"SKIP","floor":18},{"not_picked":["Reckless Charge","Sword Boomerang","Clothesline+1"],"picked":"SKIP","floor":21},{"not_picked":["Pommel Strike","Sword Boomerang","Anger"],"picked":"SKIP","floor":23},{"not_picked":["Blood for Blood","Sword Boomerang"],"picked":"Reaper","floor":24}],"player_experience":1117421,"relics_obtained":[{"floor":6,"key":"reliquary:Hardlight"},{"floor":8,"key":"reliquary:TrafficCone"},{"floor":9,"key":"reliquary:TrainingWheel"},{"floor":14,"key":"Omamori"},{"floor":20,"key":"reliquary:NewFriend"},{"floor":23,"key":"reliquary:HotPoker"},{"floor":26,"key":"reliquary:PartyBalloon"}],"event_choices":[{"damage_healed":0,"gold_gain":0,"player_choice":"Entered Light","damage_taken":16,"max_hp_gain":0,"max_hp_loss":0,"event_name":"Shining Light","floor":2,"gold_loss":0,"cards_upgraded":["Strike_R","Strike_R"]},{"damage_healed":0,"gold_gain":0,"player_choice":"Got Potions","damage_taken":0,"max_hp_gain":0,"max_hp_loss":0,"event_name":"Lab","floor":7,"gold_loss":0},{"damage_healed":0,"gold_gain":0,"cards_transformed":["Defend_R"],"player_choice":"Change","damage_taken":0,"max_hp_gain":0,"max_hp_loss":0,"event_name":"Living Wall","floor":12,"gold_loss":0,"cards_obtained":["Clash"]},{"cards_removed":["Strike_R"],"damage_healed":0,"gold_gain":0,"player_choice":"Card Removal","damage_taken":0,"max_hp_gain":0,"max_hp_loss":0,"event_name":"The Cleric","floor":13,"gold_loss":50},{"cards_removed":["Impervious"],"damage_healed":0,"gold_gain":0,"player_choice":"Take \u0026 Give","damage_taken":0,"max_hp_gain":0,"max_hp_loss":0,"event_name":"betterNote:BetterNote","floor":19,"gold_loss":0,"cards_obtained":["Hemokinesis"]},{"damage_healed":0,"gold_gain":0,"player_choice":"Joined the Cult","damage_taken":6,"max_hp_gain":0,"max_hp_loss":0,"event_name":"Nest","floor":22,"gold_loss":0,"cards_obtained":["RitualDagger"]}],"is_beta":false,"boss_relics":[{"not_picked":["Black Star","SacredBark"],"picked":"Runic Cube"}],"items_purged_floors":[],"is_endless":false,"potions_floor_spawned":[1,4,6,11,21,24],"killed_by":"Sentry and Sphere","ascension_level":10}