{"gold_per_floor":[117,117,42,42,42,42,72,72,72,72,31,0,0,19,19,94,94,110,130,130,71,71],"floor_reached":22,"playtime":632,"items_purged":["Defend_R"],"score":356,"play_id":"1fd33f7a-9704-4a2d-bd7d-b874c14f2876","local_time":"20230124175428","is_ascension_mode":true,"campfire_choices":[{"floor":6,"key":"REST"},{"floor":13,"key":"REST"},{"data":"1","floor":15,"key":"LIFT"}],"neow_cost":"NONE","seed_source_timestamp":79721278668400,"circlet_count":0,"master_deck":["AscendersBane","Strike_R","Strike_R","Strike_R","Strike_R","Strike_R+1","Defend_R","Defend_R","Defend_R","Bash","Armaments","Headbutt+1","Inflame","Infernal Blade","Heavy Blade","Impervious","Thunderclap+1","Inflame","Flex"],"relics":["Burning Blood","Calipers","WingedGreaves","Toy Ornithopter","Girya","Runic Cube"],"potions_floor_usage":[14,16],"damage_taken":[{"damage":18,"enemies":"Jaw Worm","floor":1,"turns":6},{"damage":35,"enemies":"Lagavulin","floor":7,"turns":7},{"damage":0,"enemies":"2 Louse","floor":14,"turns":3},{"damage":28,"enemies":"Slime Boss","floor":16,"turns":10},{"damage":0,"enemies":"Chosen","floor":18,"turns":5},{"damage":64,"enemies":"3 Byrds","floor":19,"turns":9},{"damage":17,"enemies":"3 Cultists","floor":22,"turns":3}],"seed_played":"3401726792167305024","potions_obtained":[{"floor":7,"key":"SkillPotion"},{"floor":14,"key":"HeartOfIron"}],"is_trial":false,"path_per_floor":["M","?","$","?","?","R","E","?","T","T","$","?","R","M","R","B",null,"M","M","?","$","M"],"character_chosen":"IRONCLAD","items_purchased":["Infernal Blade","Flex"],"campfire_rested":2,"item_purchase_floors":[11,21],"current_hp_per_floor":[56,38,38,15,15,37,8,8,8,8,8,8,30,41,41,24,62,68,10,10,10,0],"gold":71,"neow_bonus":"THREE_CARDS","is_prod":false,"is_daily":false,"chose_seed":false,"campfire_upgraded":0,"win_rate":0,"timestamp":1674600868,"path_taken":["M","?","$","?","?","R","E","?","T","?","?","?","R","M","R","BOSS","M","M","?","$","M"],"build_version":"2022-12-18","purchased_purges":1,"victory":false,"max_hp_per_floor":[75,75,75,75,75,75,75,75,75,75,75,75,75,75,75,75,75,75,75,75,75,75],"card_choices":[{"not_picked":["Thunderclap","Twin Strike"],"picked":"Armaments","floor":0},{"not_picked":["Burning Pact","True Grit"],"picked":"Headbutt","floor":1},{"not_picked":["Pummel","Flex"],"picked":"Inflame","floor":7},{"not_picked":["Warcry","Sword Boomerang"],"picked":"Heavy Blade","floor":14},{"not_picked":["Immolate","Feed"],"picked":"Impervious","floor":16},{"not_picked":["Sentinel","Fire Breathing"],"picked":"Thunderclap+1","floor":18},{"not_picked":["Twin Strike","Anger"],"picked":"Inflame","floor":19}],"player_experience":1152159,"relics_obtained":[{"floor":7,"key":"WingedGreaves"},{"floor":9,"key":"Toy Ornithopter"},{"floor":10,"key":"Girya"}],"event_choices":[{"damage_healed":0,"gold_gain":0,"player_choice":"Success","damage_taken":18,"relics_obtained":["Calipers"],"max_hp_gain":0,"max_hp_loss":0,"event_name":"Scrap Ooze","floor":2,"gold_loss":0},{"damage_healed":0,"gold_gain":0,"player_choice":"Entered Light","damage_taken":23,"max_hp_gain":0,"max_hp_loss":0,"event_name":"Shining Light","floor":4,"gold_loss":0,"cards_upgraded":["Strike_R","Headbutt"]},{"damage_healed":0,"gold_gain":0,"player_choice":"Ignored","damage_taken":0,"max_hp_gain":0,"max_hp_loss":0,"event_name":"Liars Game","floor":5,"gold_loss":0},{"damage_healed":0,"gold_gain":0,"player_choice":"Searched \u00270\u0027 times","damage_taken":0,"max_hp_gain":0,"max_hp_loss":0,"event_name":"Dead Adventurer","floor":8,"gold_loss":0},{"damage_healed":0,"gold_gain":0,"player_choice":"Left Gold","damage_taken":0,"max_hp_gain":0,"max_hp_loss":0,"event_name":"World of Goop","floor":12,"gold_loss":31},{"damage_healed":0,"gold_gain":0,"player_choice":"Ignored","damage_taken":0,"max_hp_gain":0,"max_hp_loss":0,"event_name":"The Mausoleum","floor":20,"gold_loss":0}],"is_beta":false,"boss_relics":[{"not_picked":["Tiny House","Black Star"],"picked":"Runic Cube"}],"items_purged_floors":[3],"is_endless":false,"potions_floor_spawned":[7,14],"killed_by":"3 Cultists","ascension_level":20}