{"gold_per_floor":[109,123,138,138,138,173,173,200,269,269,269],"floor_reached":11,"playtime":383,"items_purged":[],"score":162,"play_id":"abbc31b3-e1c2-4f95-a1cc-a8db35d89bba","local_time":"20230125221400","is_ascension_mode":true,"campfire_choices":[{"data":"Inflame","floor":7,"key":"SMITH"},{"data":"Defend_R","floor":10,"key":"SMITH"}],"neow_cost":"NONE","seed_source_timestamp":72690931187700,"circlet_count":0,"master_deck":["AscendersBane","Strike_R","Strike_R","Strike_R","Strike_R","Strike_R","Defend_R","Defend_R","Defend_R","Defend_R+1","Bash","Bludgeon","Intimidate","Sword Boomerang","Inflame+1","Anger"],"relics":["Burning Blood","WingedGreaves","Pen Nib","Ornamental Fan"],"potions_floor_usage":[6,8],"damage_taken":[{"damage":2,"enemies":"2 Louse","floor":1,"turns":3},{"damage":0,"enemies":"Cultist","floor":2,"turns":2},{"damage":2,"enemies":"Jaw Worm","floor":3,"turns":3},{"damage":25,"enemies":"Lagavulin","floor":6,"turns":4},{"damage":8,"enemies":"Gremlin Nob","floor":8,"turns":3},{"damage":50,"enemies":"3 Sentries","floor":11,"turns":6}],"seed_played":"-364965072165967636","potions_obtained":[{"floor":1,"key":"Energy Potion"},{"floor":2,"key":"DistilledChaos"}],"is_trial":false,"path_per_floor":["M","M","M","?","?","E","R","E","T","R","E"],"character_chosen":"IRONCLAD","items_purchased":[],"campfire_rested":0,"item_purchase_floors":[],"current_hp_per_floor":[72,75,75,75,64,45,45,43,43,43,0],"gold":269,"neow_bonus":"ONE_RANDOM_RARE_CARD","is_prod":false,"is_daily":false,"chose_seed":false,"campfire_upgraded":2,"win_rate":0,"timestamp":1674702840,"path_taken":["M","M","M","?","?","E","R","E","T","R","E"],"build_version":"2022-12-18","purchased_purges":0,"victory":false,"max_hp_per_floor":[75,75,75,75,75,75,75,75,75,75,75],"card_choices":[{"not_picked":["Fire Breathing","Thunderclap","Heavy Blade"],"picked":"SKIP","floor":1},{"not_picked":["Pommel Strike","Thunderclap"],"picked":"Intimidate","floor":2},{"not_picked":["Dual Wield","Evolve"],"picked":"Sword Boomerang","floor":3},{"not_picked":["Entrench","Searing Blow"],"picked":"Inflame","floor":6},{"not_picked":["Demon Form","Bloodletting"],"picked":"Anger","floor":8}],"player_experience":1163285,"relics_obtained":[{"floor":6,"key":"WingedGreaves"},{"floor":8,"key":"Pen Nib"},{"floor":9,"key":"Ornamental Fan"}],"event_choices":[{"damage_healed":0,"gold_gain":0,"player_choice":"Ignored","damage_taken":0,"max_hp_gain":0,"max_hp_loss":0,"event_name":"Golden Idol","floor":4,"gold_loss":0},{"damage_healed":0,"gold_gain":0,"player_choice":"Damaged","damage_taken":11,"max_hp_gain":0,"max_hp_loss":0,"event_name":"Wheel of Change","floor":5,"gold_loss":0}],"is_beta":false,"boss_relics":[],"items_purged_floors":[],"is_endless":false,"potions_floor_spawned":[1,2,3],"killed_by":"3 Sentries","ascension_level":20}