{"gold_per_floor":[115,135,135,10,27,27,54,65,147,147,177,193,212,232,232,330,330,348,348,62,62,80,111,111,111,111,128,142,142,158,184,184,279,279,291,303,303,317,336,87,101,129,154,189,189,220,232,251,251,251],"floor_reached":51,"playtime":3336,"items_purged":["Strike_R","Strike_R"],"score":868,"play_id":"5d56e86a-ea95-48ee-80d1-799084725eef","local_time":"20230128005815","is_ascension_mode":false,"campfire_choices":[{"data":"Body Slam","floor":6,"key":"SMITH"},{"data":"Bash","floor":10,"key":"SMITH"},{"data":"Armaments","floor":15,"key":"SMITH"},{"floor":24,"key":"REST"},{"data":"Feel No Pain","floor":29,"key":"SMITH"},{"data":"Juggernaut","floor":32,"key":"SMITH"},{"data":"Dark Embrace","floor":45,"key":"SMITH"},{"data":"Seek","floor":49,"key":"SMITH"}],"neow_cost":"NONE","seed_source_timestamp":252386774792300,"circlet_count":0,"master_deck":["Strike_R","Strike_R","Defend_R","Defend_R","Defend_R","Defend_R","Bash+1","Barricade+1","Body Slam+1","Anger","Combust","Warcry","Uppercut","Battle Trance","Inflame","Armaments+1","Second Wind","Juggernaut+1","Rage","Seek+1","Feel No Pain+1","True Grit","Dark Shackles","Sever Soul","Clash+1","True Grit+1","Impervious","Clash+1","Fiend Fire","Entrench+1","Clash","Clash+1","Dark Embrace+1","Disarm"],"relics":["Burning Blood","Bird Faced Urn","Meat on the Bone","Dream Catcher","Runic Pyramid","Nunchaku","Sundial","StoneCalendar","Coffee Dripper","Magic Flower","Happy Flower","Charon\u0027s Ashes","Singing Bowl"],"potions_floor_usage":[7,11,18,23,33,33,35,50,50],"damage_taken":[{"damage":4,"enemies":"2 Louse","floor":1,"turns":3},{"damage":7,"enemies":"Small Slimes","floor":2,"turns":5},{"damage":2,"enemies":"Cultist","floor":5,"turns":4},{"damage":5,"enemies":"Gremlin Nob","floor":7,"turns":3},{"damage":6,"enemies":"Blue Slaver","floor":8,"turns":3},{"damage":5,"enemies":"Lagavulin","floor":11,"turns":7},{"damage":14,"enemies":"Looter","floor":12,"turns":4},{"damage":18,"enemies":"Large Slime","floor":13,"turns":5},{"damage":22,"enemies":"Lots of Slimes","floor":14,"turns":5},{"damage":27,"enemies":"The Guardian","floor":16,"turns":13},{"damage":14,"enemies":"3 Byrds","floor":18,"turns":5},{"damage":3,"enemies":"Shell Parasite","floor":22,"turns":5},{"damage":61,"enemies":"Slavers","floor":23,"turns":7},{"damage":0,"enemies":"Snecko","floor":27,"turns":7},{"damage":22,"enemies":"3 Cultists","floor":28,"turns":5},{"damage":1,"enemies":"Snake Plant","floor":30,"turns":4},{"damage":25,"enemies":"Book of Stabbing","floor":31,"turns":6},{"damage":25,"enemies":"Collector","floor":33,"turns":8},{"damage":23,"enemies":"Orb Walker","floor":35,"turns":4},{"damage":11,"enemies":"3 Darklings","floor":36,"turns":5},{"damage":0,"enemies":"Spire Growth","floor":38,"turns":5},{"damage":0,"enemies":"Maw","floor":39,"turns":7},{"damage":17,"enemies":"3 Darklings","floor":41,"turns":5},{"damage":16,"enemies":"Nemesis","floor":42,"turns":5},{"damage":3,"enemies":"Giant Head","floor":44,"turns":7},{"damage":4,"enemies":"Nemesis","floor":46,"turns":5},{"damage":26,"enemies":"Transient","floor":47,"turns":5},{"damage":6,"enemies":"Maw","floor":48,"turns":6},{"damage":23,"enemies":"Donu and Deca","floor":50,"turns":5}],"seed_played":"-8227949153478105252","potions_obtained":[{"floor":2,"key":"ColorlessPotion"},{"floor":8,"key":"HeartOfIron"},{"floor":13,"key":"FearPotion"},{"floor":14,"key":"Energy Potion"},{"floor":18,"key":"Dexterity Potion"},{"floor":23,"key":"FearPotion"},{"floor":28,"key":"Fire Potion"},{"floor":33,"key":"GamblersBrew"},{"floor":36,"key":"DuplicationPotion"},{"floor":41,"key":"Regen Potion"}],"is_trial":false,"path_per_floor":["M","M","?","$","M","R","E","M","T","R","E","M","M","M","R","B",null,"M","?","$","?","M","E","R","?","T","M","M","R","M","E","R","B",null,"M","M","?","M","M","$","M","E","T","E","R","E","M","M","R","B",null],"character_chosen":"IRONCLAD","items_purchased":["Combust","Warcry","Feel No Pain","True Grit","Dark Shackles","Dark Embrace","Disarm"],"campfire_rested":1,"item_purchase_floors":[4,4,20,20,20,40,40],"current_hp_per_floor":[80,79,79,79,80,80,80,80,80,80,80,74,68,56,56,53,80,74,74,74,59,70,33,58,58,58,72,64,64,77,64,64,53,85,72,77,77,85,85,85,82,80,80,85,85,87,76,91,91,91],"gold":251,"neow_bonus":"ONE_RANDOM_RARE_CARD","is_prod":false,"is_daily":false,"chose_seed":false,"campfire_upgraded":7,"win_rate":0,"timestamp":1674885495,"path_taken":["M","M","?","$","M","R","E","M","T","R","E","M","M","M","R","BOSS","M","?","$","?","M","E","R","?","T","M","M","R","M","E","R","BOSS","M","M","?","M","M","$","M","E","T","E","R","E","?","M","R","BOSS"],"build_version":"2022-12-18","purchased_purges":2,"victory":true,"max_hp_per_floor":[80,80,80,80,80,80,80,80,80,80,80,80,80,80,80,80,80,80,80,80,85,85,85,85,85,85,85,85,85,85,85,85,85,85,85,85,85,85,85,85,85,85,85,85,85,87,89,91,91,91],"card_choices":[{"not_picked":["Iron Wave","Sentinel"],"picked":"Body Slam","floor":1},{"not_picked":["Havoc","Headbutt"],"picked":"Anger","floor":2},{"not_picked":["Armaments","Rampage"],"picked":"Uppercut","floor":5},{"not_picked":["Rupture","Perfected Strike"],"picked":"Battle Trance","floor":7},{"not_picked":["Twin Strike","Wild Strike","Clash"],"picked":"SKIP","floor":8},{"not_picked":["Infernal Blade","Bloodletting","Thunderclap"],"picked":"SKIP","floor":11},{"not_picked":["Heavy Blade","Armaments"],"picked":"Inflame","floor":12},{"not_picked":["Thunderclap","Warcry"],"picked":"Armaments","floor":13},{"not_picked":["Feed","Searing Blow"],"picked":"Second Wind","floor":14},{"not_picked":["Reaper","Demon Form"],"picked":"Juggernaut","floor":16},{"not_picked":["Rupture","Infernal Blade"],"picked":"Rage","floor":18},{"not_picked":["Clothesline","Uppercut","Sword Boomerang"],"picked":"SKIP","floor":22},{"not_picked":["Double Tap","Limit Break"],"picked":"Sever Soul","floor":23},{"not_picked":["Wild Strike","Clothesline+1"],"picked":"Clash+1","floor":24},{"not_picked":["Clothesline+1","Sword Boomerang"],"picked":"True Grit+1","floor":27},{"not_picked":["Perfected Strike","Blood for Blood"],"picked":"Impervious","floor":28},{"not_picked":["Combust","Thunderclap","Iron Wave"],"picked":"SKIP","floor":30},{"not_picked":["Exhume","Headbutt"],"picked":"Clash+1","floor":31},{"not_picked":["Immolate","Offering"],"picked":"Fiend Fire","floor":33},{"not_picked":["Bloodletting","Sword Boomerang"],"picked":"Entrench+1","floor":35},{"not_picked":["Rampage","Fire Breathing+1","Combust"],"picked":"SKIP","floor":36},{"not_picked":["Sever Soul+1","Armaments"],"picked":"Clash","floor":38},{"not_picked":["True Grit","Evolve+1"],"picked":"Clash+1","floor":39},{"not_picked":["Dropkick","Wild Strike","Iron Wave"],"picked":"SKIP","floor":41},{"not_picked":["Dropkick+1","Clothesline+1","Shockwave"],"picked":"SKIP","floor":42},{"not_picked":["Warcry","Iron Wave+1","Rage"],"picked":"SKIP","floor":44},{"not_picked":["Intimidate","Reaper","Carnage+1"],"picked":"Singing Bowl","floor":46},{"not_picked":["Anger+1","Combust+1","Wild Strike"],"picked":"Singing Bowl","floor":47},{"not_picked":["Iron Wave+1","Carnage","Rage+1"],"picked":"Singing Bowl","floor":48}],"player_experience":1184104,"relics_obtained":[{"floor":7,"key":"Bird Faced Urn"},{"floor":9,"key":"Meat on the Bone"},{"floor":11,"key":"Dream Catcher"},{"floor":23,"key":"Nunchaku"},{"floor":26,"key":"Sundial"},{"floor":31,"key":"StoneCalendar"},{"floor":42,"key":"Magic Flower"},{"floor":43,"key":"Happy Flower"},{"floor":44,"key":"Charon\u0027s Ashes"},{"floor":46,"key":"Singing Bowl"}],"event_choices":[{"damage_healed":0,"gold_gain":0,"player_choice":"Grow","damage_taken":0,"max_hp_gain":0,"max_hp_loss":0,"event_name":"Living Wall","floor":3,"gold_loss":0,"cards_upgraded":["Barricade"]},{"cards_removed":["Barricade"],"damage_healed":0,"gold_gain":0,"player_choice":"Take \u0026 Give","damage_taken":0,"max_hp_gain":0,"max_hp_loss":0,"event_name":"betterNote:BetterNote","floor":19,"gold_loss":0,"cards_obtained":["Seek"]},{"damage_healed":0,"gold_gain":0,"player_choice":"Shed Blood","damage_taken":20,"max_hp_gain":5,"max_hp_loss":0,"event_name":"Forgotten Altar","floor":21,"gold_loss":0},{"damage_healed":0,"gold_gain":0,"player_choice":"Ignored","damage_taken":0,"max_hp_gain":0,"max_hp_loss":0,"event_name":"Cursed Tome","floor":25,"gold_loss":0},{"cards_removed":["Strike_R"],"damage_healed":0,"gold_gain":0,"player_choice":"Purged","damage_taken":0,"max_hp_gain":0,"max_hp_loss":0,"event_name":"Purifier","floor":37,"gold_loss":0}],"is_beta":false,"boss_relics":[{"not_picked":["Mark of Pain","Tiny House"],"picked":"Runic Pyramid"},{"not_picked":["Fusion Hammer","Snecko Eye"],"picked":"Coffee Dripper"}],"items_purged_floors":[20,40],"is_endless":false,"potions_floor_spawned":[2,8,13,14,18,23,28,33,36,41,42,46,48],"ascension_level":0}