{"gold_per_floor":[110,110,125,38,53,53,71,71,71,104,123,142,142,167,167,167],"floor_reached":16,"playtime":827,"items_purged":[],"score":224,"play_id":"4b5cf9cc-a914-4e78-8a26-9b8d4cb89db6","local_time":"20230118181922","is_ascension_mode":true,"campfire_choices":[{"data":"Juggernaut","floor":6,"key":"SMITH"},{"data":"Metallicize","floor":8,"key":"SMITH"},{"floor":13,"key":"REST"},{"data":"Pommel Strike","floor":15,"key":"SMITH"}],"neow_cost":"TEN_PERCENT_HP_LOSS","seed_source_timestamp":11309583569100,"circlet_count":0,"master_deck":["AscendersBane","Strike_R","Strike_R","Strike_R","Strike_R","Strike_R","Defend_R","Defend_R","Defend_R","Defend_R","Bash","Juggernaut+1","Dropkick","Shrug It Off","Metallicize+1","Pommel Strike+1","Metallicize","Uppercut","Iron Wave","Combust","Thunderclap"],"relics":["Burning Blood","Paper Frog","Charon\u0027s Ashes","reliquary:Stiletto"],"potions_floor_usage":[11,12,14,14],"damage_taken":[{"damage":15,"enemies":"Small Slimes","floor":1,"turns":5},{"damage":9,"enemies":"2 Louse","floor":3,"turns":5},{"damage":11,"enemies":"Cultist","floor":5,"turns":5},{"damage":37,"enemies":"Exordium Thugs","floor":7,"turns":5},{"damage":3,"enemies":"Lagavulin","floor":10,"turns":7},{"damage":8,"enemies":"3 Louse","floor":11,"turns":3},{"damage":9,"enemies":"Blue Slaver","floor":12,"turns":4},{"damage":10,"enemies":"3 Sentries","floor":14,"turns":5},{"damage":60,"enemies":"Hexaghost","floor":16,"turns":9}],"seed_played":"5273779862926545141","potions_obtained":[{"floor":3,"key":"SpeedPotion"},{"floor":7,"key":"Explosive Potion"},{"floor":11,"key":"Energy Potion"},{"floor":12,"key":"Regen Potion"}],"is_trial":false,"path_per_floor":["M","?","M","$","M","R","M","R","T","E","M","M","R","E","R","B"],"character_chosen":"IRONCLAD","items_purchased":["Metallicize"],"campfire_rested":1,"item_purchase_floors":[4],"current_hp_per_floor":[59,64,61,61,56,56,25,25,25,28,26,23,44,55,55,0],"gold":167,"neow_bonus":"THREE_RARE_CARDS","is_prod":false,"is_daily":false,"chose_seed":false,"campfire_upgraded":3,"win_rate":0,"timestamp":1674083962,"path_taken":["M","?","M","$","M","R","M","R","T","E","M","M","R","E","R","BOSS"],"build_version":"2022-12-18","purchased_purges":0,"victory":false,"max_hp_per_floor":[68,73,73,73,73,73,73,73,73,73,73,73,73,73,73,73],"card_choices":[{"not_picked":["Limit Break","Berserk"],"picked":"Juggernaut","floor":0},{"not_picked":["Iron Wave","Searing Blow"],"picked":"Dropkick","floor":1},{"not_picked":["Perfected Strike","Body Slam"],"picked":"Shrug It Off","floor":3},{"not_picked":["Shrug It Off","Flame Barrier"],"picked":"Pommel Strike","floor":5},{"not_picked":["Sword Boomerang","Thunderclap"],"picked":"Metallicize","floor":7},{"not_picked":["Headbutt","Flex"],"picked":"Uppercut","floor":10},{"not_picked":["Heavy Blade","Twin Strike"],"picked":"Iron Wave","floor":11},{"not_picked":["Warcry","Havoc"],"picked":"Combust","floor":12},{"not_picked":["Searing Blow","Armaments"],"picked":"Thunderclap","floor":14}],"player_experience":1115154,"relics_obtained":[{"floor":9,"key":"Paper Frog"},{"floor":10,"key":"Charon\u0027s Ashes"},{"floor":14,"key":"reliquary:Stiletto"}],"event_choices":[{"damage_healed":0,"gold_gain":0,"player_choice":"Donut","damage_taken":0,"max_hp_gain":5,"max_hp_loss":0,"event_name":"Big Fish","floor":2,"gold_loss":0}],"is_beta":false,"boss_relics":[],"items_purged_floors":[],"is_endless":false,"potions_floor_spawned":[3,7,11,12],"killed_by":"Hexaghost","ascension_level":20}