{"gold_per_floor":[119,44,59,59,9,9,36,53,79,79,89,109,134,153,153,227,227,237,237],"floor_reached":19,"playtime":882,"items_purged":[],"score":408,"play_id":"ea73574f-d58d-4b57-9104-962654b53d81","local_time":"20230127110959","is_ascension_mode":true,"campfire_choices":[{"data":"True Grit","floor":6,"key":"SMITH"},{"data":"Entrench","floor":10,"key":"SMITH"},{"floor":15,"key":"REST"}],"neow_cost":"NONE","seed_source_timestamp":205150660249100,"circlet_count":0,"master_deck":["AscendersBane","Strike_R","Strike_R","Strike_R","Strike_R","Strike_R","Defend_R","Defend_R","Defend_R","Bash","Disarm","Headbutt","True Grit+1","Anger","Entrench+1","Blood for Blood","Feel No Pain","Second Wind","Rage","Barricade","Dual Wield+1"],"relics":["Burning Blood","NeowsBlessing","Potion Belt","Lizard Tail","Red Skull","Smiling Mask","Coffee Dripper"],"potions_floor_usage":[7,14,14,16],"damage_taken":[{"damage":0,"enemies":"Jaw Worm","floor":1,"turns":1},{"damage":0,"enemies":"Cultist","floor":3,"turns":1},{"damage":0,"enemies":"Lagavulin","floor":7,"turns":2},{"damage":1,"enemies":"Small Slimes","floor":8,"turns":3},{"damage":20,"enemies":"Exordium Thugs","floor":11,"turns":6},{"damage":4,"enemies":"Looter","floor":12,"turns":4},{"damage":26,"enemies":"3 Sentries","floor":13,"turns":12},{"damage":20,"enemies":"Lots of Slimes","floor":14,"turns":5},{"damage":63,"enemies":"Slime Boss","floor":16,"turns":15},{"damage":32,"enemies":"Shell Parasite","floor":18,"turns":7},{"damage":54,"enemies":"Chosen","floor":19,"turns":5}],"seed_played":"-5492780622339911437","potions_obtained":[{"floor":1,"key":"Strength Potion"},{"floor":8,"key":"ColorlessPotion"},{"floor":11,"key":"Fruit Juice"},{"floor":14,"key":"Ancient Potion"},{"floor":16,"key":"ElixirPotion"}],"is_trial":false,"path_per_floor":["M","?","M","T","$","R","E","M","T","R","M","M","E","M","R","B",null,"M","M"],"character_chosen":"IRONCLAD","items_purchased":["True Grit"],"campfire_rested":1,"item_purchase_floors":[5],"current_hp_per_floor":[74,74,75,75,75,75,75,75,75,75,61,63,43,34,58,46,72,46,0],"gold":237,"neow_bonus":"THREE_ENEMY_KILL","is_prod":false,"is_daily":false,"chose_seed":false,"campfire_upgraded":2,"win_rate":0,"timestamp":1674835799,"path_taken":["M","?","M","?","$","R","E","M","T","R","M","M","E","?","R","BOSS","M","M"],"build_version":"2022-12-18","purchased_purges":0,"victory":false,"max_hp_per_floor":[75,75,75,75,75,75,75,75,75,75,75,75,75,80,80,80,80,80,80],"card_choices":[{"not_picked":["Shockwave","Twin Strike"],"picked":"Disarm","floor":1},{"not_picked":["Wild Strike","Sentinel"],"picked":"Headbutt","floor":3},{"not_picked":["Rampage","Perfected Strike"],"picked":"Anger","floor":7},{"not_picked":["Reckless Charge","Iron Wave"],"picked":"Entrench","floor":8},{"not_picked":["Dark Embrace","Whirlwind"],"picked":"Blood for Blood","floor":11},{"not_picked":["Reckless Charge","Anger"],"picked":"Feel No Pain","floor":12},{"not_picked":["True Grit","Pommel Strike"],"picked":"Second Wind","floor":13},{"not_picked":["Clothesline","Ghostly Armor"],"picked":"Rage","floor":14},{"not_picked":["Bludgeon","Limit Break"],"picked":"Barricade","floor":16},{"not_picked":["Clothesline","Fire Breathing"],"picked":"Dual Wield+1","floor":18}],"player_experience":1189073,"relics_obtained":[{"floor":4,"key":"Potion Belt"},{"floor":7,"key":"Lizard Tail"},{"floor":9,"key":"Red Skull"},{"floor":13,"key":"Smiling Mask"}],"event_choices":[{"cards_removed":["Defend_R"],"damage_healed":0,"gold_gain":0,"player_choice":"Card Removal","damage_taken":0,"max_hp_gain":0,"max_hp_loss":0,"event_name":"The Cleric","floor":2,"gold_loss":75}],"is_beta":false,"boss_relics":[{"not_picked":["Calling Bell","Ectoplasm"],"picked":"Coffee Dripper"}],"items_purged_floors":[],"is_endless":false,"potions_floor_spawned":[1,8,11,14,16],"killed_by":"Chosen","ascension_level":20}