{"gold_per_floor":[119,29,29,29,29,29,40,67,94,94,120,138,150,183,183,287,287,298,313,283,483,502,502,187,277,277,292,310,310,310,325,325,325],"floor_reached":33,"playtime":1254,"items_purged":["Strike_R"],"score":255,"play_id":"b647f04e-2b86-447b-b170-f2fdc076c88a","local_time":"20230125230502","is_ascension_mode":false,"campfire_choices":[{"data":"Bash","floor":6.0,"key":"SMITH"},{"data":"Disarm","floor":10.0,"key":"SMITH"},{"data":"Dark Embrace","floor":15.0,"key":"SMITH"},{"data":"Carnage","floor":23.0,"key":"SMITH"},{"floor":29.0,"key":"REST"},{"data":"Spot Weakness","floor":32.0,"key":"SMITH"}],"neow_cost":"NONE","seed_source_timestamp":74834253184700,"circlet_count":0,"master_deck":["Strike_R+1","Strike_R+1","Defend_R+1","Defend_R+1","Defend_R+1","Bash+1","Disarm+1","Anger","Carnage+1","Cleave","Metallicize","Iron Wave","Wild Strike","Dark Embrace+1","Impervious","Ghostly Armor+1","Uppercut+1","Limit Break+1","Spot Weakness+1","Rage+1","Pummel","Immolate","Power Through","Second Wind","Clothesline"],"special_seed":0,"relics":["Burning Blood","Bag of Marbles","Juzu Bracelet","Happy Flower","Centennial Puzzle","Boot","PreservedInsect","Astrolabe","War Paint"],"potions_floor_usage":[33,33,33],"damage_taken":[{"damage":5.0,"enemies":"Small Slimes","floor":1.0,"turns":3.0},{"damage":0.0,"enemies":"2 Louse","floor":7.0,"turns":1.0},{"damage":20.0,"enemies":"3 Sentries","floor":8.0,"turns":5.0},{"damage":3.0,"enemies":"Jaw Worm","floor":12.0,"turns":2.0},{"damage":0.0,"enemies":"Looter","floor":13.0,"turns":1.0},{"damage":13.0,"enemies":"Lagavulin","floor":14.0,"turns":5.0},{"damage":20.0,"enemies":"The Guardian","floor":16.0,"turns":13.0},{"damage":21.0,"enemies":"3 Byrds","floor":18.0,"turns":7.0},{"damage":23.0,"enemies":"2 Thieves","floor":19.0,"turns":4.0},{"damage":23.0,"enemies":"Centurion and Healer","floor":22.0,"turns":5.0},{"damage":12.0,"enemies":"Snake Plant","floor":27.0,"turns":3.0},{"damage":0.0,"enemies":"Snecko","floor":28.0,"turns":4.0},{"damage":0.0,"enemies":"Centurion and Healer","floor":31.0,"turns":4.0},{"damage":76,"enemies":"Champ","floor":33,"turns":10}],"seed_played":"-4079960192729479217","potions_obtained":[{"floor":7.0,"key":"AttackPotion"},{"floor":13.0,"key":"Energy Potion"},{"floor":18.0,"key":"BlessingOfTheForge"},{"floor":20.0,"key":"LiquidBronze"},{"floor":20.0,"key":"SneckoOil"},{"floor":28.0,"key":"SteroidPotion"}],"is_trial":false,"path_per_floor":["M","$","?","$","?","R","M","E","T","R","T","M","M","E","R","B",null,"M","M","?","?","M","R","$","?","T","M","M","R","?","M","R","B"],"character_chosen":"IRONCLAD","items_purchased":["Anger","Carnage","Immolate","Power Through"],"campfire_rested":1,"item_purchase_floors":[2,2,24,24],"current_hp_per_floor":[80,80,77,77,82,82,85,71,71,71,71,74,80,73,73,59,85,70,53,53,53,36,36,36,24,24,18,24,49,49,55,55,0],"gold":325,"neow_bonus":"RANDOM_COMMON_RELIC","is_prod":false,"is_daily":false,"chose_seed":false,"campfire_upgraded":5,"win_rate":0,"timestamp":1674705902,"path_taken":["M","$","?","$","?","R","M","E","T","R","?","M","M","E","R","BOSS","M","M","?","?","M","R","$","?","T","M","M","R","?","M","R","BOSS"],"build_version":"2022-12-18","purchased_purges":1,"victory":false,"max_hp_per_floor":[80,80,80,80,85,85,85,85,85,85,85,85,85,85,85,85,85,85,85,85,85,85,85,85,85,85,85,85,85,85,85,85,85],"card_choices":[{"not_picked":["Wild Strike","Hemokinesis"],"picked":"Disarm","floor":1.0},{"not_picked":["Pommel Strike","True Grit"],"picked":"Cleave","floor":7.0},{"not_picked":["Rampage","True Grit"],"picked":"Metallicize","floor":8.0},{"not_picked":["Sword Boomerang","Body Slam"],"picked":"Iron Wave","floor":12.0},{"not_picked":["Entrench","Fire Breathing"],"picked":"Wild Strike","floor":13.0},{"not_picked":["Pommel Strike","Warcry"],"picked":"Dark Embrace","floor":14.0},{"not_picked":["Brutality","Reaper"],"picked":"Impervious","floor":16.0},{"not_picked":["Sentinel+1","Reckless Charge+1"],"picked":"Spot Weakness","floor":18.0},{"not_picked":["Anger","Shrug It Off"],"picked":"Rage+1","floor":19.0},{"not_picked":["Body Slam","Headbutt"],"picked":"Pummel","floor":22.0},{"not_picked":["Cleave","Heavy Blade"],"picked":"Second Wind","floor":27.0},{"not_picked":["Rampage+1","Twin Strike","Dual Wield"],"picked":"SKIP","floor":28.0},{"not_picked":["Inflame","Iron Wave"],"picked":"Clothesline","floor":31.0}],"player_experience":1165367,"relics_obtained":[{"floor":8.0,"key":"Happy Flower"},{"floor":9.0,"key":"Centennial Puzzle"},{"floor":11.0,"key":"Boot"},{"floor":14.0,"key":"PreservedInsect"},{"floor":26.0,"key":"War Paint"}],"event_choices":[{"damage_healed":0.0,"max_hp_gain":0.0,"max_hp_loss":0.0,"gold_gain":0.0,"event_name":"Scrap Ooze","player_choice":"Success","floor":3.0,"gold_loss":0.0,"damage_taken":3.0,"relics_obtained":["Juzu Bracelet"]},{"damage_healed":0.0,"max_hp_gain":5.0,"max_hp_loss":0.0,"gold_gain":0.0,"event_name":"Big Fish","player_choice":"Donut","floor":5.0,"gold_loss":0.0,"damage_taken":0.0},{"damage_healed":0.0,"max_hp_gain":0.0,"max_hp_loss":0.0,"gold_gain":0.0,"event_name":"The Woman in Blue","player_choice":"Bought 2 Potions","floor":20.0,"gold_loss":0.0,"damage_taken":0.0},{"damage_healed":0.0,"max_hp_gain":0.0,"max_hp_loss":0.0,"gold_gain":200.0,"event_name":"Wheel of Change","player_choice":"Gold","floor":21.0,"gold_loss":0.0,"damage_taken":0.0},{"damage_healed":0.0,"max_hp_gain":0.0,"max_hp_loss":0.0,"gold_gain":90.0,"event_name":"Knowing Skull","player_choice":"GOLD ","floor":25.0,"potions_obtained":[],"gold_loss":0.0,"damage_taken":12.0,"cards_obtained":[]},{"damage_healed":0.0,"max_hp_gain":0.0,"max_hp_loss":0.0,"gold_gain":0.0,"event_name":"Back to Basics","player_choice":"Simplicity","floor":30.0,"gold_loss":0.0,"damage_taken":0.0,"cards_upgraded":["Strike_R","Strike_R","Defend_R"]}],"is_beta":false,"boss_relics":[{"not_picked":["Sozu","Philosopher\u0027s Stone"],"picked":"Astrolabe"}],"items_purged_floors":[24],"is_endless":false,"potions_floor_spawned":[7,13,18,22,27,28],"killed_by":"Champ","ascension_level":0}