{"gold_per_floor":[114,10,20,37,54,86,86,119,119,137,156,156,168,180,180,253,253,272,272,272,0,0],"floor_reached":22,"playtime":1570,"items_purged":["Strike_R"],"score":400,"play_id":"952cceda-1945-44d1-87f2-e1b8abd5c229","local_time":"20230124183315","is_ascension_mode":true,"campfire_choices":[{"floor":7,"key":"REST"},{"data":"Entrench","floor":12,"key":"SMITH"},{"floor":15,"key":"REST"}],"neow_cost":"NONE","seed_source_timestamp":81107011835800,"circlet_count":0,"master_deck":["AscendersBane","Strike_R","Strike_R","Strike_R","Strike_R","Defend_R","Defend_R","Defend_R+1","Defend_R+1","Bash","Searing Blow","Sword Boomerang","Shrug It Off","Carnage","Anger","Entrench+1","Thunderclap","Ghostly Armor","Cleave","Warcry","Fiend Fire","Armaments"],"relics":["Burning Blood","Vajra","War Paint","Lantern","Black Star"],"potions_floor_usage":[8,11,16,16,20],"damage_taken":[{"damage":4,"enemies":"2 Louse","floor":1,"turns":3},{"damage":9,"enemies":"Jaw Worm","floor":3,"turns":5},{"damage":8,"enemies":"Small Slimes","floor":4,"turns":2},{"damage":11,"enemies":"2 Fungi Beasts","floor":5,"turns":3},{"damage":50,"enemies":"3 Sentries","floor":6,"turns":10},{"damage":24,"enemies":"Lagavulin","floor":8,"turns":7},{"damage":0,"enemies":"Blue Slaver","floor":10,"turns":1},{"damage":7,"enemies":"Large Slime","floor":11,"turns":4},{"damage":6,"enemies":"3 Louse","floor":13,"turns":3},{"damage":0,"enemies":"2 Fungi Beasts","floor":14,"turns":3},{"damage":32,"enemies":"The Guardian","floor":16,"turns":14},{"damage":38,"enemies":"Chosen","floor":18,"turns":6},{"damage":10,"enemies":"3 Byrds","floor":20,"turns":4}],"seed_played":"4265287187314998224","potions_obtained":[{"floor":6,"key":"Swift Potion"},{"floor":8,"key":"SkillPotion"},{"floor":11,"key":"Strength Potion"},{"floor":13,"key":"ColorlessPotion"},{"floor":18,"key":"SmokeBomb"}],"is_trial":false,"path_per_floor":["M","$","M","M","M","E","R","E","T","M","M","R","M","M","R","B",null,"M","?","M","?","?"],"character_chosen":"IRONCLAD","items_purchased":["Shrug It Off"],"campfire_rested":2,"item_purchase_floors":[2],"current_hp_per_floor":[70,70,67,65,60,16,38,20,20,26,25,25,25,31,53,27,63,31,31,27,27,27],"gold":0,"neow_bonus":"THREE_CARDS","is_prod":false,"is_daily":false,"chose_seed":false,"campfire_upgraded":1,"win_rate":0,"timestamp":1674603195,"path_taken":["M","$","M","M","M","E","R","E","T","M","M","R","M","M","R","BOSS","M","?","M","?","?"],"build_version":"2022-12-18","purchased_purges":1,"victory":false,"max_hp_per_floor":[75,75,75,75,75,75,75,75,75,75,75,75,75,75,75,75,75,75,75,75,75,75],"card_choices":[{"not_picked":["Iron Wave","Havoc"],"picked":"Searing Blow","floor":0},{"not_picked":["Havoc","Sentinel"],"picked":"Sword Boomerang","floor":1},{"not_picked":["Feel No Pain","Heavy Blade"],"picked":"Carnage","floor":3},{"not_picked":["Thunderclap","Ghostly Armor"],"picked":"Anger","floor":4},{"not_picked":["Dropkick","Armaments"],"picked":"Entrench","floor":5},{"not_picked":["Bloodletting","Sword Boomerang"],"picked":"Thunderclap","floor":6},{"not_picked":["Wild Strike","Bloodletting","Havoc"],"picked":"SKIP","floor":8},{"not_picked":["Dual Wield","Feel No Pain","Body Slam"],"picked":"SKIP","floor":10},{"not_picked":["Inflame","Pommel Strike"],"picked":"Ghostly Armor","floor":11},{"not_picked":["Brutality","Evolve"],"picked":"Cleave","floor":13},{"not_picked":["Dark Embrace","Clash"],"picked":"Warcry","floor":14},{"not_picked":["Demon Form","Immolate"],"picked":"Fiend Fire","floor":16},{"not_picked":["Warcry","Ghostly Armor"],"picked":"Armaments","floor":18}],"player_experience":1153480,"relics_obtained":[{"floor":6,"key":"Vajra"},{"floor":8,"key":"War Paint"},{"floor":9,"key":"Lantern"}],"event_choices":[{"damage_healed":0,"gold_gain":0,"player_choice":"Ignored","damage_taken":0,"max_hp_gain":0,"max_hp_loss":0,"event_name":"The Mausoleum","floor":19,"gold_loss":0},{"damage_healed":0,"gold_gain":0,"player_choice":"Paid Fearfully","damage_taken":0,"max_hp_gain":0,"max_hp_loss":0,"event_name":"Masked Bandits","floor":21,"gold_loss":272}],"is_beta":false,"boss_relics":[{"not_picked":["Velvet Choker","Snecko Eye"],"picked":"Black Star"}],"items_purged_floors":[2],"is_endless":false,"potions_floor_spawned":[6,8,11,13,18],"ascension_level":20}