{"gold_per_floor":[119,119,9,21,33,60,60,94,121,149,149,168,168,188,188,188],"floor_reached":16,"playtime":679,"items_purged":[],"score":240,"play_id":"13397969-3a63-4b34-b1f6-d296764f34d8","local_time":"20230125220723","is_ascension_mode":true,"campfire_choices":[{"floor":7,"key":"REST"},{"data":"Clothesline","floor":11,"key":"SMITH"},{"floor":15,"key":"REST"}],"neow_cost":"NONE","seed_source_timestamp":71997759340100,"circlet_count":0,"master_deck":["AscendersBane","Strike_R","Strike_R","Strike_R","Strike_R","Strike_R","Defend_R","Defend_R","Defend_R","Defend_R","Bash","Exhume","Carnage","Anger","Flex","Uppercut","Anger","Clothesline+1","Twin Strike","Shrug It Off","Heavy Blade"],"relics":["Burning Blood","InkBottle","White Beast Statue","Nunchaku","PreservedInsect","Tiny Chest"],"potions_floor_usage":[8,12,16],"damage_taken":[{"damage":13,"enemies":"Cultist","floor":1,"turns":5},{"damage":7,"enemies":"Jaw Worm","floor":4,"turns":2},{"damage":0,"enemies":"2 Louse","floor":5,"turns":2},{"damage":35,"enemies":"3 Sentries","floor":6,"turns":7},{"damage":25,"enemies":"Lagavulin","floor":8,"turns":5},{"damage":9,"enemies":"Gremlin Nob","floor":10,"turns":3},{"damage":34,"enemies":"Large Slime","floor":12,"turns":5},{"damage":8,"enemies":"Blue Slaver","floor":14,"turns":2},{"damage":59,"enemies":"Hexaghost","floor":16,"turns":9}],"seed_played":"1237439318880473079","potions_obtained":[{"floor":4,"key":"FearPotion"},{"floor":8,"key":"Ancient Potion"},{"floor":10,"key":"LiquidMemories"},{"floor":12,"key":"FairyPotion"}],"is_trial":false,"path_per_floor":["M","T","$","M","M","E","R","E","T","E","R","M","?","M","R","B"],"character_chosen":"IRONCLAD","items_purchased":["Anger","Flex"],"campfire_rested":2,"item_purchase_floors":[3,3],"current_hp_per_floor":[61,61,61,60,66,37,59,40,40,37,37,9,9,7,29,0],"gold":188,"neow_bonus":"ONE_RANDOM_RARE_CARD","is_prod":false,"is_daily":false,"chose_seed":false,"campfire_upgraded":1,"win_rate":0,"timestamp":1674702443,"path_taken":["M","?","$","M","M","E","R","E","T","E","R","M","?","M","R","BOSS"],"build_version":"2022-12-18","purchased_purges":0,"victory":false,"max_hp_per_floor":[75,75,75,75,75,75,75,75,75,75,75,75,75,75,75,75],"card_choices":[{"not_picked":["Sword Boomerang","Wild Strike"],"picked":"Carnage","floor":1},{"not_picked":["Hemokinesis","Body Slam"],"picked":"Uppercut","floor":4},{"not_picked":["Rampage","Second Wind"],"picked":"Anger","floor":5},{"not_picked":["Uppercut","Body Slam"],"picked":"Clothesline","floor":6},{"not_picked":["True Grit","Dark Embrace"],"picked":"Twin Strike","floor":8},{"not_picked":["Shrug It Off","Feel No Pain","Ghostly Armor"],"picked":"SKIP","floor":10},{"not_picked":["True Grit","Searing Blow"],"picked":"Shrug It Off","floor":12},{"not_picked":["Warcry","Thunderclap"],"picked":"Heavy Blade","floor":14}],"player_experience":1162606,"relics_obtained":[{"floor":2,"key":"InkBottle"},{"floor":6,"key":"White Beast Statue"},{"floor":8,"key":"Nunchaku"},{"floor":9,"key":"PreservedInsect"},{"floor":10,"key":"Tiny Chest"}],"event_choices":[{"damage_healed":0,"gold_gain":0,"player_choice":"Searched \u00270\u0027 times","damage_taken":0,"max_hp_gain":0,"max_hp_loss":0,"event_name":"Dead Adventurer","floor":13,"gold_loss":0}],"is_beta":false,"boss_relics":[],"items_purged_floors":[],"is_endless":false,"potions_floor_spawned":[4,8,10,12,14],"killed_by":"Hexaghost","ascension_level":20}