{"gold_per_floor":[119,44,55,75,50,50,50,67,67,67,25,25],"floor_reached":12,"playtime":350,"items_purged":["Strike_R"],"score":136,"play_id":"e4a803f7-d7f9-4956-bdb0-953cc78c8018","local_time":"20230127005044","is_ascension_mode":true,"campfire_choices":[{"data":"Juggernaut","floor":6,"key":"SMITH"}],"neow_cost":"PERCENT_DAMAGE","seed_source_timestamp":168509122348500,"circlet_count":0,"master_deck":["AscendersBane","Strike_R","Strike_R","Strike_R","Strike_R","Defend_R","Defend_R","Defend_R+1","Defend_R","Bash","Juggernaut+1","Armaments+1","Power Through","Battle Trance","Shrug It Off","Iron Wave","Shrug It Off"],"special_seed":0,"relics":["Burning Blood","The Courier"],"potions_floor_usage":[8,12],"damage_taken":[{"damage":11.0,"enemies":"2 Louse","floor":1.0,"turns":4.0},{"damage":7,"enemies":"Jaw Worm","floor":3,"turns":4},{"damage":17,"enemies":"Small Slimes","floor":4,"turns":4},{"damage":5,"enemies":"Blue Slaver","floor":8,"turns":4},{"damage":58,"enemies":"Gremlin Nob","floor":12,"turns":4}],"seed_played":"-1632749127138130498","potions_obtained":[{"floor":4,"key":"BloodPotion"},{"floor":8,"key":"ColorlessPotion"}],"is_trial":false,"path_per_floor":["M","$","M","M","$","R","?","M","T","?","$","E"],"character_chosen":"IRONCLAD","items_purchased":["Shrug It Off","Shrug It Off"],"campfire_rested":0,"item_purchase_floors":[5,11],"current_hp_per_floor":[45,45,44,33,33,33,10,26,26,51,51,0],"gold":25,"neow_bonus":"THREE_RARE_CARDS","is_prod":false,"is_daily":false,"chose_seed":false,"campfire_upgraded":1,"win_rate":0,"timestamp":1674798644,"path_taken":["M","$","M","M","$","R","?","M","T","?","?","E"],"build_version":"2022-12-18","purchased_purges":1,"victory":false,"max_hp_per_floor":[75,75,75,75,75,75,75,75,75,75,75,75],"card_choices":[{"not_picked":["Demon Form","Impervious"],"picked":"Juggernaut","floor":0.0},{"not_picked":["Anger","Pommel Strike"],"picked":"Armaments","floor":1.0},{"not_picked":["Seeing Red","Entrench"],"picked":"Power Through","floor":3},{"not_picked":["Headbutt","Hemokinesis"],"picked":"Battle Trance","floor":4},{"not_picked":["Body Slam","Sever Soul"],"picked":"Iron Wave","floor":8}],"player_experience":1175020,"relics_obtained":[{"floor":9,"key":"The Courier"}],"event_choices":[{"damage_healed":0,"gold_gain":0,"player_choice":"Entered Light","damage_taken":23,"max_hp_gain":0,"max_hp_loss":0,"event_name":"Shining Light","floor":7,"gold_loss":0,"cards_upgraded":["Armaments","Defend_R"]},{"damage_healed":25,"gold_gain":0,"player_choice":"Banana","damage_taken":0,"max_hp_gain":0,"max_hp_loss":0,"event_name":"Big Fish","floor":10,"gold_loss":0}],"is_beta":false,"boss_relics":[],"items_purged_floors":[2],"is_endless":false,"potions_floor_spawned":[4,8],"killed_by":"Gremlin Nob","ascension_level":20}