{"gold_per_floor":[110,22,42,52,52,52,87,101,128,128,138,166,40,55,55,132,132,89,89,89,106,106,106,106],"floor_reached":24,"playtime":1231,"items_purged":["Strike_R"],"score":392,"play_id":"35017d30-9a72-423d-9444-222efcce00cb","local_time":"20230127075958","is_ascension_mode":true,"campfire_choices":[{"data":"Armaments","floor":6,"key":"SMITH"},{"data":"Entrench","floor":10,"key":"SMITH"},{"data":"Flex","floor":15,"key":"SMITH"},{"floor":23,"key":"REST"}],"neow_cost":"NONE","seed_source_timestamp":193398846800300,"circlet_count":0,"master_deck":["AscendersBane","Strike_R+1","Strike_R+1","Defend_R+1","Defend_R+1","Defend_R+1","Bash","Second Wind","Metallicize","Armaments+1","Intimidate","Disarm","Entrench+1","Shrug It Off","Twin Strike","Flex+1","Fiend Fire","Reaper+1","Bloodletting+1","Perfected Strike+1","Body Slam","Necronomicurse","Battle Trance","RitualDagger"],"relics":["Burning Blood","NeowsBlessing","Boot","Ancient Tea Set","Odd Mushroom","Astrolabe","Necronomicon"],"potions_floor_usage":[7,11,16,16,24,24],"damage_taken":[{"damage":0,"enemies":"Cultist","floor":1,"turns":1},{"damage":0,"enemies":"2 Louse","floor":3,"turns":1},{"damage":0,"enemies":"Jaw Worm","floor":4,"turns":1},{"damage":26,"enemies":"Lagavulin","floor":7,"turns":9},{"damage":1,"enemies":"Looter","floor":8,"turns":5},{"damage":7,"enemies":"2 Fungi Beasts","floor":11,"turns":6},{"damage":40,"enemies":"The Mushroom Lair","floor":12,"turns":10},{"damage":0,"enemies":"Blue Slaver","floor":14,"turns":7},{"damage":38,"enemies":"Hexaghost","floor":16,"turns":16},{"damage":25,"enemies":"2 Thieves","floor":18,"turns":5},{"damage":30,"enemies":"Spheric Guardian","floor":21,"turns":4},{"damage":37,"enemies":"Snecko","floor":24,"turns":5}],"seed_played":"62869660833287172","potions_obtained":[{"floor":4,"key":"EssenceOfSteel"},{"floor":8,"key":"Regen Potion"},{"floor":11,"key":"SneckoOil"},{"floor":12,"key":"SkillPotion"},{"floor":18,"key":"Weak Potion"},{"floor":21,"key":"PowerPotion"}],"is_trial":false,"path_per_floor":["M","$","M","M","?","R","E","M","T","R","M","?","$","M","R","B",null,"M","?","?","M","?","R","M"],"character_chosen":"IRONCLAD","items_purchased":["Metallicize","Flex"],"campfire_rested":1,"item_purchase_floors":[2,13],"current_hp_per_floor":[74,74,75,75,75,75,55,60,60,60,71,37,37,43,43,11,59,52,31,31,7,1,23,0],"gold":106,"neow_bonus":"THREE_ENEMY_KILL","is_prod":false,"is_daily":false,"chose_seed":false,"campfire_upgraded":3,"win_rate":0,"timestamp":1674824398,"path_taken":["M","$","M","M","?","R","E","M","T","R","M","?","$","M","R","BOSS","M","?","?","M","?","R","M"],"build_version":"2022-12-18","purchased_purges":1,"victory":false,"max_hp_per_floor":[75,75,75,75,75,75,75,75,75,75,75,75,75,75,75,75,75,75,75,75,75,75,75,75],"card_choices":[{"not_picked":["Anger","Feel No Pain"],"picked":"Second Wind","floor":1},{"not_picked":["Clash","Sword Boomerang"],"picked":"Armaments","floor":3},{"not_picked":["Sentinel","Dropkick"],"picked":"Intimidate","floor":4},{"not_picked":["Burning Pact","Searing Blow"],"picked":"Disarm","floor":7},{"not_picked":["Wild Strike","Rupture"],"picked":"Entrench","floor":8},{"not_picked":["Whirlwind","Warcry"],"picked":"Shrug It Off","floor":11},{"not_picked":["Thunderclap","Infernal Blade"],"picked":"Twin Strike","floor":12},{"not_picked":["Infernal Blade","Clothesline","Searing Blow"],"picked":"SKIP","floor":14},{"not_picked":["Demon Form","Feed"],"picked":"Fiend Fire","floor":16},{"not_picked":["Clash","Heavy Blade"],"picked":"Body Slam","floor":18},{"not_picked":["Perfected Strike","Clash"],"picked":"Battle Trance","floor":21}],"player_experience":1176179,"relics_obtained":[{"floor":7,"key":"Boot"},{"floor":9,"key":"Ancient Tea Set"},{"floor":12,"key":"Odd Mushroom"},{"floor":19,"key":"Necronomicon"}],"event_choices":[{"damage_healed":0,"gold_gain":0,"player_choice":"Ignored","damage_taken":0,"max_hp_gain":0,"max_hp_loss":0,"event_name":"Liars Game","floor":5,"gold_loss":0},{"damage_healed":0,"gold_gain":0,"player_choice":"Fought Mushrooms","damage_taken":0,"max_hp_gain":0,"max_hp_loss":0,"event_name":"Mushrooms","floor":12,"gold_loss":0},{"damage_healed":0,"gold_gain":0,"player_choice":"Obtained Book","damage_taken":21,"max_hp_gain":0,"max_hp_loss":0,"event_name":"Cursed Tome","floor":19,"gold_loss":0},{"damage_healed":0,"gold_gain":0,"player_choice":"Simplicity","damage_taken":0,"max_hp_gain":0,"max_hp_loss":0,"event_name":"Back to Basics","floor":20,"gold_loss":0,"cards_upgraded":["Strike_R","Strike_R","Defend_R","Defend_R","Defend_R"]},{"damage_healed":0,"gold_gain":0,"player_choice":"Joined the Cult","damage_taken":6,"max_hp_gain":0,"max_hp_loss":0,"event_name":"Nest","floor":22,"gold_loss":0,"cards_obtained":["RitualDagger"]}],"is_beta":false,"boss_relics":[{"not_picked":["Velvet Choker","Mark of Pain"],"picked":"Astrolabe"}],"items_purged_floors":[13],"is_endless":false,"potions_floor_spawned":[4,8,11,12,18,21],"killed_by":"Snecko","ascension_level":20}