{"gold_per_floor":[109,123,136,136,61,92,152,180,180,180,180,211,211,211,211,285,285,295,307,34,0,15,15,42,55,125,125,138,171,191,221,221,295,295,308,308,107,119,144,177,177,209,209,239,239,250,262,297,297,297,297],"floor_reached":52,"playtime":2956,"items_purged":["Defend_R","Strike_R"],"score":2367,"play_id":"e02d76d1-70b6-435e-a1c5-f45132e49a1d","local_time":"20230127003440","is_ascension_mode":true,"campfire_choices":[{"data":"Armaments","floor":10.0,"key":"SMITH"},{"floor":13,"key":"REST"},{"floor":15,"key":"REST"},{"data":"Combust","floor":23,"key":"SMITH"},{"data":"PanicButton","floor":27,"key":"SMITH"},{"data":"Disarm","floor":32,"key":"SMITH"},{"data":"Barricade","floor":41,"key":"SMITH"},{"data":"Juggernaut","floor":45,"key":"SMITH"},{"data":"Dark Embrace","floor":49,"key":"SMITH"}],"neow_cost":"NONE","seed_source_timestamp":164909679087600,"circlet_count":0,"master_deck":["AscendersBane","Strike_R","Strike_R","Defend_R","Defend_R","Bash","Cleave","Armaments+1","Combust+1","Anger","Pummel","Impervious","Disarm","Shrug It Off","Carnage","PanicButton+1","Body Slam+1","Battle Trance","Disarm+1","Fiend Fire","Juggernaut+1","Dark Embrace+1","Flash of Steel","Feel No Pain","Barricade+1"],"special_seed":0,"relics":["Burning Blood","Vajra","Incense Burner","Blood Vial","Bottled Tornado","Singing Bowl","Ornamental Fan","Coffee Dripper","White Beast Statue","Mercury Hourglass","Dead Branch","Champion Belt","Runic Dome","Gambling Chip","Orichalcum","Kunai","StrikeDummy","Happy Flower","TungstenRod"],"potions_floor_usage":[16,24,29,33,33,38,42,42,47,50,50],"damage_taken":[{"damage":4.0,"enemies":"Small Slimes","floor":1.0,"turns":4.0},{"damage":4.0,"enemies":"2 Louse","floor":2.0,"turns":3.0},{"damage":2.0,"enemies":"Jaw Worm","floor":3.0,"turns":5.0},{"damage":28.0,"enemies":"Lagavulin","floor":6.0,"turns":7.0},{"damage":23.0,"enemies":"3 Sentries","floor":7.0,"turns":5.0},{"damage":10.0,"enemies":"Gremlin Nob","floor":8.0,"turns":3.0},{"damage":26,"enemies":"Lagavulin","floor":12,"turns":5},{"damage":39,"enemies":"Slime Boss","floor":16,"turns":6},{"damage":3,"enemies":"Chosen","floor":18,"turns":4},{"damage":4,"enemies":"3 Byrds","floor":19,"turns":4},{"damage":21,"enemies":"Centurion and Healer","floor":22,"turns":6},{"damage":5,"enemies":"Gremlin Leader","floor":24,"turns":6},{"damage":3,"enemies":"Snake Plant","floor":25,"turns":4},{"damage":2,"enemies":"3 Cultists","floor":28,"turns":3},{"damage":3,"enemies":"Book of Stabbing","floor":29,"turns":4},{"damage":3,"enemies":"Cultist and Chosen","floor":30,"turns":4},{"damage":6,"enemies":"Gremlin Leader","floor":31,"turns":4},{"damage":65,"enemies":"Automaton","floor":33,"turns":10},{"damage":8,"enemies":"Orb Walker","floor":35,"turns":3},{"damage":8,"enemies":"3 Darklings","floor":38,"turns":3},{"damage":7,"enemies":"Mind Bloom Boss Battle","floor":39,"turns":5},{"damage":29,"enemies":"Nemesis","floor":40,"turns":7},{"damage":3,"enemies":"Reptomancer","floor":42,"turns":4},{"damage":12,"enemies":"Nemesis","floor":44,"turns":5},{"damage":20,"enemies":"Writhing Mass","floor":46,"turns":4},{"damage":14,"enemies":"4 Shapes","floor":47,"turns":3},{"damage":9,"enemies":"Giant Head","floor":48,"turns":6},{"damage":20,"enemies":"Donu and Deca","floor":50,"turns":5},{"damage":24,"enemies":"Time Eater","floor":51,"turns":7}],"seed_played":"8801198629007276073","potions_obtained":[{"floor":1.0,"key":"Block Potion"},{"floor":2.0,"key":"Weak Potion"},{"floor":6.0,"key":"Dexterity Potion"},{"floor":12,"key":"DistilledChaos"},{"floor":18,"key":"PowerPotion"},{"floor":19,"key":"HeartOfIron"},{"floor":25,"key":"Fruit Juice"},{"floor":29,"key":"Ancient Potion"},{"floor":33,"key":"Fruit Juice"},{"floor":35,"key":"ColorlessPotion"},{"floor":38,"key":"SteroidPotion"},{"floor":42,"key":"DuplicationPotion"},{"floor":44,"key":"Fire Potion"},{"floor":47,"key":"Strength Potion"}],"is_trial":false,"path_per_floor":["M","M","M","?","?","E","?","E","T","R","?","E","R","T","R","B",null,"M","M","$","?","M","R","E","M","T","R","M","E","M","E","R","B",null,"M","?","$","M","?","E","R","E","T","E","R","M","M","E","R","B","B",null],"character_chosen":"IRONCLAD","items_purchased":["Shrug It Off","Carnage","PanicButton","Flash of Steel"],"campfire_rested":2,"item_purchase_floors":[20,20,20,37],"current_hp_per_floor":[70,72,75,80,80,58,41,37,37,37,30,14,38,38,62,31,69,76,80,80,80,69,69,74,79,79,79,85,88,88,88,88,39,83,83,83,83,83,86,65,65,72,72,70,70,60,56,57,57,45,29],"gold":297,"neow_bonus":"REMOVE_CARD","is_prod":false,"is_daily":false,"chose_seed":false,"campfire_upgraded":7,"win_rate":0,"timestamp":1674797680,"path_taken":["M","M","M","?","?","E","?","E","T","R","?","E","R","?","R","BOSS","M","M","$","?","M","R","E","M","T","R","M","E","M","E","R","BOSS","M","?","$","M","?","E","R","E","T","E","R","M","M","E","R","BOSS","BOSS"],"build_version":"2022-12-18","purchased_purges":2,"victory":true,"max_hp_per_floor":[75,75,75,80,80,80,80,80,80,80,80,82,82,82,82,82,82,84,84,84,84,86,86,88,88,88,88,88,88,88,88,88,98,98,98,98,98,98,100,100,100,102,102,104,104,106,108,110,110,110,110],"card_choices":[{"not_picked":["Intimidate","Anger"],"picked":"Cleave","floor":1.0},{"not_picked":["Clash","Wild Strike"],"picked":"Armaments","floor":2.0},{"not_picked":["Entrench","Flex"],"picked":"Combust","floor":3.0},{"not_picked":["Headbutt","Rage"],"picked":"Anger","floor":6.0},{"not_picked":["Anger","Body Slam"],"picked":"Pummel","floor":7.0},{"not_picked":["Pommel Strike","Flex","Iron Wave"],"picked":"SKIP","floor":8.0},{"not_picked":["Body Slam","Perfected Strike","Berserk"],"picked":"Singing Bowl","floor":12},{"not_picked":["Barricade","Limit Break"],"picked":"Impervious","floor":16},{"not_picked":["Body Slam","Warcry","Perfected Strike"],"picked":"Singing Bowl","floor":18},{"not_picked":["Thunderclap+1","Entrench"],"picked":"Disarm","floor":19},{"not_picked":["Armaments","Sever Soul","Bloodletting"],"picked":"Singing Bowl","floor":22},{"not_picked":["Clothesline+1","Pummel","Twin Strike"],"picked":"Singing Bowl","floor":24},{"not_picked":["Seeing Red+1","Power Through"],"picked":"Body Slam+1","floor":25},{"not_picked":["Reckless Charge+1","Clothesline"],"picked":"Battle Trance","floor":28},{"not_picked":["Pummel","Hemokinesis"],"picked":"Evolve","floor":29},{"not_picked":["Flex","Anger"],"picked":"Disarm","floor":30},{"not_picked":["Clothesline","Limit Break"],"picked":"Fiend Fire","floor":31},{"not_picked":["Feed","Exhume"],"picked":"Juggernaut","floor":33},{"not_picked":["Body Slam","Sever Soul"],"picked":"Dark Embrace","floor":35},{"not_picked":["Dual Wield","Inflame"],"picked":"Feel No Pain","floor":38},{"not_picked":["Shrug It Off","Body Slam","Pommel Strike"],"picked":"Singing Bowl","floor":39},{"not_picked":["Perfected Strike","Metallicize"],"picked":"Barricade","floor":40},{"not_picked":["Power Through","Spot Weakness","Pummel"],"picked":"Singing Bowl","floor":42},{"not_picked":["Shockwave","Cleave","Infernal Blade"],"picked":"Singing Bowl","floor":44},{"not_picked":["Clothesline","Evolve+1","Pummel"],"picked":"Singing Bowl","floor":46},{"not_picked":["Heavy Blade","Sword Boomerang","Power Through"],"picked":"Singing Bowl","floor":47},{"not_picked":["Anger","Shockwave","Whirlwind"],"picked":"Singing Bowl","floor":48}],"player_experience":1172064,"relics_obtained":[{"floor":6.0,"key":"Vajra"},{"floor":7.0,"key":"Incense Burner"},{"floor":8.0,"key":"Blood Vial"},{"floor":9.0,"key":"Bottled Tornado"},{"floor":12,"key":"Singing Bowl"},{"floor":14,"key":"Ornamental Fan"},{"floor":24,"key":"White Beast Statue"},{"floor":26,"key":"Mercury Hourglass"},{"floor":29,"key":"Dead Branch"},{"floor":31,"key":"Champion Belt"},{"floor":39,"key":"Gambling Chip"},{"floor":40,"key":"Orichalcum"},{"floor":42,"key":"Kunai"},{"floor":43,"key":"StrikeDummy"},{"floor":44,"key":"Happy Flower"},{"floor":48,"key":"TungstenRod"}],"event_choices":[{"damage_healed":0.0,"max_hp_gain":5.0,"max_hp_loss":0.0,"gold_gain":0.0,"event_name":"Big Fish","player_choice":"Donut","floor":4.0,"gold_loss":0.0,"damage_taken":0.0},{"cards_removed":["Defend_R"],"damage_healed":0.0,"max_hp_gain":0.0,"max_hp_loss":0.0,"gold_gain":0.0,"event_name":"The Cleric","player_choice":"Card Removal","floor":5.0,"gold_loss":75.0,"damage_taken":0.0},{"damage_healed":0.0,"max_hp_gain":0.0,"max_hp_loss":0.0,"gold_gain":0.0,"event_name":"Dead Adventurer","player_choice":"Searched \u00271\u0027 times","floor":7.0,"gold_loss":0.0,"damage_taken":0.0},{"cards_removed":["Strike_R"],"damage_healed":0.0,"max_hp_gain":0.0,"max_hp_loss":0.0,"gold_gain":0.0,"event_name":"Golden Wing","player_choice":"Card Removal","floor":11.0,"gold_loss":0.0,"damage_taken":7.0},{"damage_healed":0,"gold_gain":0,"player_choice":"Paid Fearfully","damage_taken":0,"max_hp_gain":0,"max_hp_loss":0,"event_name":"Masked Bandits","floor":21,"gold_loss":34},{"cards_removed":["Evolve"],"damage_healed":0,"gold_gain":0,"player_choice":"Removed Power","damage_taken":0,"max_hp_gain":0,"max_hp_loss":0,"event_name":"Falling","floor":36,"gold_loss":0},{"damage_healed":0,"gold_gain":0,"player_choice":"Fight","damage_taken":0,"max_hp_gain":0,"max_hp_loss":0,"event_name":"MindBloom","floor":39,"gold_loss":0}],"is_beta":false,"boss_relics":[{"not_picked":["Tiny House","Astrolabe"],"picked":"Coffee Dripper"},{"not_picked":["Empty Cage","Cursed Key"],"picked":"Runic Dome"}],"items_purged_floors":[20,37],"is_endless":false,"potions_floor_spawned":[1,2,6,12,18,19,25,28,29,30,31,33,35,38,39,40,42,44,46,47,48],"ascension_level":20}