{"gold_per_floor":[109,109,109,129,18,18,18,39,119,158,158,55,99,114,114,237,237,262,44,65,83,83,83,14,14,14,14,32,55,55,71,71,196,196,219,8,341,39,58,58],"floor_reached":40,"playtime":1764,"items_purged":["Strike_R","Wild Strike","Anger","Bash"],"score":394,"play_id":"9cbe1154-0919-4e2f-b6f8-e7c6145a8d68","local_time":"20230204102422","is_ascension_mode":false,"campfire_choices":[{"data":"Flex","floor":6.0,"key":"SMITH"},{"data":"Combust","floor":11.0,"key":"SMITH"},{"floor":15.0,"key":"REST"},{"data":"Limit Break","floor":23.0,"key":"SMITH"},{"data":"Reaper","floor":25.0,"key":"SMITH"},{"floor":30.0,"key":"REST"},{"floor":32.0,"key":"REST"}],"neow_cost":"NONE","seed_source_timestamp":126335508046000,"circlet_count":0,"master_deck":["Flex+1","Combust","Sever Soul","Combust+1","Rupture","Anger","Limit Break","Shrug It Off","Impervious","Anger","Reaper+1","Limit Break+1","Burning Pact","Uppercut","Sentinel","Pommel Strike","Wild Strike","Flex+1","Carnage","Evolve","Shrug It Off","Hemokinesis","Corpse Explosion+1","Intimidate","Sword Boomerang","Bludgeon","Heavy Blade","Dark Shackles","Entrench","Ghostly Armor","Rupture"],"special_seed":0,"relics":["Black Blood","NeowsBlessing","FossilizedHelix","Gremlin Horn","Paper Frog","Potion Belt","Kunai","Pandora\u0027s Box","Unceasing Top"],"potions_floor_usage":[],"damage_taken":[{"damage":0.0,"enemies":"Small Slimes","floor":1.0,"turns":1.0},{"damage":0.0,"enemies":"2 Louse","floor":4.0,"turns":1.0},{"damage":0.0,"enemies":"Jaw Worm","floor":8.0,"turns":1.0},{"damage":28.0,"enemies":"Lagavulin","floor":10.0,"turns":5.0},{"damage":25.0,"enemies":"3 Sentries","floor":13.0,"turns":3.0},{"damage":6.0,"enemies":"Blue Slaver","floor":14.0,"turns":3.0},{"damage":32.0,"enemies":"Slime Boss","floor":16.0,"turns":5.0},{"damage":12.0,"enemies":"Spheric Guardian","floor":18.0,"turns":4.0},{"damage":25.0,"enemies":"3 Byrds","floor":20.0,"turns":4.0},{"damage":52.0,"enemies":"Snake Plant","floor":21.0,"turns":5.0},{"damage":42.0,"enemies":"Snecko","floor":28.0,"turns":5.0},{"damage":61.0,"enemies":"Shelled Parasite and Fungi","floor":29.0,"turns":6.0},{"damage":11.0,"enemies":"Chosen and Byrds","floor":31.0,"turns":6.0},{"damage":58.0,"enemies":"Champ","floor":33.0,"turns":7.0},{"damage":5,"enemies":"3 Shapes","floor":35,"turns":4},{"damage":42,"enemies":"3 Darklings","floor":39,"turns":5},{"damage":107,"enemies":"Nemesis","floor":40,"turns":7}],"seed_played":"-797858726641912809","potions_obtained":[{"floor":8.0,"key":"DistilledChaos"},{"floor":10.0,"key":"DuplicationPotion"},{"floor":14.0,"key":"Explosive Potion"},{"floor":16.0,"key":"Regen Potion"},{"floor":20.0,"key":"SteroidPotion"},{"floor":21.0,"key":"Swift Potion"},{"floor":31.0,"key":"DistilledChaos"}],"is_trial":false,"path_per_floor":["M","?","?","M","$","R","T","M","T","E","R","$","E","M","R","B",null,"M","$","M","M","?","R","$","R","T","?","M","M","R","M","R","B",null,"M","$","?","$","M","E"],"character_chosen":"IRONCLAD","items_purchased":["Combust","Rupture","Anger","Carnage","Evolve","Hemokinesis","Dark Shackles","Entrench","Ghostly Armor"],"campfire_rested":3,"item_purchase_floors":[5,12,12,19,19,24,36,38,38],"current_hp_per_floor":[80,60,57,63,63,63,63,69,69,47,47,47,28,28,52,26,80,74,74,55,41,80,80,80,80,80,80,69,14,38,43,67,26,80,80,80,80,80,76,0],"gold":58,"neow_bonus":"THREE_ENEMY_KILL","is_prod":false,"is_daily":false,"chose_seed":false,"campfire_upgraded":4,"win_rate":0,"timestamp":1675524262,"path_taken":["M","?","?","M","$","R","?","M","T","E","R","?","E","M","R","BOSS","M","$","M","M","?","R","$","R","T","?","M","M","R","M","R","BOSS","M","$","?","$","M","E"],"build_version":"2022-12-18","purchased_purges":4,"victory":false,"max_hp_per_floor":[80,80,80,80,80,80,80,80,80,80,80,80,80,80,80,80,80,80,80,80,80,80,80,80,80,80,80,80,80,80,80,80,80,80,80,80,80,80,80,80],"card_choices":[{"not_picked":["Perfected Strike","Wild Strike"],"picked":"Flex","floor":1.0},{"not_picked":["Body Slam","Dropkick"],"picked":"Wild Strike","floor":4.0},{"not_picked":["Ghostly Armor","Perfected Strike"],"picked":"Sever Soul","floor":8.0},{"not_picked":["Flame Barrier","Whirlwind"],"picked":"Combust","floor":10.0},{"not_picked":["Fiend Fire","Intimidate"],"picked":"Limit Break","floor":13.0},{"not_picked":["Warcry","Cleave"],"picked":"Shrug It Off","floor":14.0},{"not_picked":["Feed","Corruption"],"picked":"Impervious","floor":16.0},{"not_picked":["Infernal Blade+1","Carnage"],"picked":"Flex+1","floor":18.0},{"not_picked":["Metallicize+1","Armaments+1"],"picked":"Shrug It Off","floor":20.0},{"not_picked":["Evolve","Iron Wave+1"],"picked":"Dark Embrace","floor":21.0},{"not_picked":["Clash","Clothesline"],"picked":"Anger","floor":28.0},{"not_picked":["Iron Wave","Dark Embrace"],"picked":"Intimidate","floor":29.0},{"not_picked":["Wild Strike","Perfected Strike"],"picked":"Sword Boomerang","floor":31.0},{"not_picked":["Double Tap","Offering"],"picked":"Bludgeon","floor":33.0},{"not_picked":["Clothesline+1","Twin Strike+1"],"picked":"Heavy Blade","floor":35},{"not_picked":["Iron Wave+1","Fire Breathing"],"picked":"Rupture","floor":39}],"player_experience":1246465,"relics_obtained":[{"floor":7.0,"key":"Gremlin Horn"},{"floor":9.0,"key":"Paper Frog"},{"floor":10.0,"key":"Potion Belt"},{"floor":13.0,"key":"Kunai"},{"floor":26.0,"key":"Unceasing Top"}],"event_choices":[{"damage_healed":0.0,"max_hp_gain":0.0,"max_hp_loss":0.0,"gold_gain":0.0,"event_name":"Golden Idol","player_choice":"Take Damage","floor":2.0,"gold_loss":0.0,"damage_taken":20.0,"relics_obtained":["Golden Idol"]},{"damage_healed":0.0,"max_hp_gain":0.0,"max_hp_loss":0.0,"gold_gain":0.0,"event_name":"Scrap Ooze","player_choice":"Success","floor":3.0,"gold_loss":0.0,"damage_taken":3.0,"relics_obtained":["FossilizedHelix"]},{"cards_removed":["Dark Embrace"],"damage_healed":39.0,"max_hp_gain":0.0,"max_hp_loss":0.0,"gold_gain":0.0,"event_name":"Bonfire Elementals","player_choice":"Offered Uncommon","floor":22.0,"gold_loss":0.0,"damage_taken":0.0},{"cards_removed":["Limit Break"],"damage_healed":0.0,"max_hp_gain":0.0,"max_hp_loss":0.0,"gold_gain":0.0,"event_name":"betterNote:BetterNote","player_choice":"Take \u0026 Give","floor":27.0,"gold_loss":0.0,"damage_taken":0.0,"cards_obtained":["Corpse Explosion"]},{"damage_healed":0,"gold_gain":333,"player_choice":"Gave Idol","damage_taken":0,"max_hp_gain":0,"max_hp_loss":0,"event_name":"The Moai Head","floor":37,"relics_lost":["Golden Idol"],"gold_loss":0}],"is_beta":false,"boss_relics":[{"not_picked":["Velvet Choker","Runic Dome"],"picked":"Pandora\u0027s Box"},{"not_picked":["Mark of Pain","SlaversCollar"],"picked":"Black Blood"}],"items_purged_floors":[5,19,36,38],"is_endless":false,"potions_floor_spawned":[8,10,14,16,20,21,31],"killed_by":"Nemesis","ascension_level":0}