{"gold_per_floor":[119,119,41,51,62,62,72,72],"floor_reached":8,"playtime":351,"items_purged":[],"score":96,"play_id":"3943db8a-bccf-4b97-914f-2ad7212b544d","local_time":"20230130152255","is_ascension_mode":true,"campfire_choices":[{"data":"bad_ironclad:WeaponStand","floor":6,"key":"SMITH"}],"neow_cost":"NONE","seed_source_timestamp":480059717998000,"circlet_count":0,"master_deck":["AscendersBane","Strike_R","Strike_R","Strike_R","Defend_R","Defend_R","Defend_R","Defend_R","Bash","bad_ironclad:Convert","bad_ironclad:WeaponStand+1","Power Through","bad_ironclad:Deprecate","Shrug It Off","bad_ironclad:Patience","bad_ironclad:PerfectedDefend"],"relics":["Burning Blood","NeowsBlessing"],"potions_floor_usage":[8,8],"damage_taken":[{"damage":0,"enemies":"Small Slimes","floor":1,"turns":1},{"damage":0,"enemies":"Cultist","floor":4,"turns":1},{"damage":0,"enemies":"Jaw Worm","floor":5,"turns":1},{"damage":6,"enemies":"Blue Slaver","floor":7,"turns":8},{"damage":89,"enemies":"Gremlin Nob","floor":8,"turns":7}],"seed_played":"-8342045403934803968","potions_obtained":[{"floor":1,"key":"HeartOfIron"},{"floor":5,"key":"BloodPotion"}],"is_trial":false,"path_per_floor":["M","?","$","M","M","R","M","E"],"character_chosen":"IRONCLAD","items_purchased":["bad_ironclad:Deprecate"],"campfire_rested":0,"item_purchase_floors":[3],"current_hp_per_floor":[74,74,74,75,75,75,75,0],"gold":72,"neow_bonus":"THREE_ENEMY_KILL","is_prod":false,"is_daily":false,"chose_seed":false,"campfire_upgraded":1,"win_rate":0,"timestamp":1675110175,"path_taken":["M","?","$","?","M","R","M","E"],"build_version":"2022-12-18","purchased_purges":0,"victory":false,"max_hp_per_floor":[75,75,75,75,75,75,75,75],"card_choices":[{"not_picked":["Combust","Warcry"],"picked":"bad_ironclad:WeaponStand","floor":1},{"not_picked":["True Grit","Anger"],"picked":"Shrug It Off","floor":4},{"not_picked":["Iron Wave","Headbutt"],"picked":"bad_ironclad:Patience","floor":5},{"not_picked":["Spot Weakness","bad_ironclad:PerfectedClash"],"picked":"bad_ironclad:PerfectedDefend","floor":7}],"player_experience":1208724,"relics_obtained":[],"event_choices":[{"damage_healed":0,"gold_gain":0,"cards_transformed":["Strike_R"],"player_choice":"Transformed","damage_taken":0,"max_hp_gain":0,"max_hp_loss":0,"event_name":"Transmorgrifier","floor":2,"gold_loss":0,"cards_obtained":["Power Through"]}],"is_beta":false,"boss_relics":[],"items_purged_floors":[],"is_endless":false,"potions_floor_spawned":[1,5],"killed_by":"Gremlin Nob","ascension_level":20}