{"gold_per_floor":[115,115,134,151,34,68,68,79,129,140,151,151,171,37,37,114,114,66,15,15,33,33],"floor_reached":22,"playtime":994,"items_purged":["Defend_R"],"score":476,"play_id":"c5dc936a-46e2-4888-9ebf-44f0a56dd6b3","local_time":"20230129170634","is_ascension_mode":true,"campfire_choices":[{"data":"Perfected Strike","floor":7,"key":"SMITH"},{"data":"True Grit","floor":15,"key":"SMITH"}],"neow_cost":"NONE","seed_source_timestamp":399237361224300,"circlet_count":0,"master_deck":["AscendersBane","Strike_R","Strike_R","Strike_R","Strike_R","Defend_R","Defend_R","Bash","Clash","Exhume","Metallicize","Shrug It Off","Rampage","Perfected Strike+1","Brutality","Battle Trance","Metallicize","Armaments","Evolve","True Grit+1","Bludgeon","Power Through","True Grit+1","Burning Pact"],"relics":["Burning Blood","NeowsBlessing","Mercury Hourglass","Regal Pillow","Runic Pyramid"],"potions_floor_usage":[6,6,11,18],"damage_taken":[{"damage":0,"enemies":"2 Louse","floor":1,"turns":1},{"damage":0,"enemies":"Cultist","floor":3,"turns":1},{"damage":0,"enemies":"Small Slimes","floor":4,"turns":1},{"damage":17,"enemies":"Lagavulin","floor":6,"turns":6},{"damage":8,"enemies":"3 Louse","floor":8,"turns":3},{"damage":9,"enemies":"Looter","floor":10,"turns":3},{"damage":8,"enemies":"Red Slaver","floor":11,"turns":3},{"damage":23,"enemies":"Large Slime","floor":13,"turns":6},{"damage":9,"enemies":"The Guardian","floor":16,"turns":12},{"damage":40,"enemies":"2 Thieves","floor":18,"turns":5},{"damage":13,"enemies":"Chosen","floor":21,"turns":8},{"damage":39,"enemies":"Snecko","floor":22,"turns":6}],"seed_played":"-7190100343334003890","potions_obtained":[{"floor":1,"key":"BlessingOfTheForge"},{"floor":3,"key":"BlessingOfTheForge"},{"floor":4,"key":"BloodPotion"},{"floor":10,"key":"SneckoOil"},{"floor":16,"key":"GamblersBrew"},{"floor":21,"key":"LiquidBronze"}],"is_trial":false,"path_per_floor":["M","?","M","M","$","E","R","M","T","M","M","?","M","$","R","B",null,"M","$","?","M","M"],"character_chosen":"IRONCLAD","items_purchased":["Rampage","Evolve","True Grit","True Grit"],"campfire_rested":0,"item_purchase_floors":[5,14,14,19],"current_hp_per_floor":[74,74,75,75,75,75,75,73,73,70,68,68,51,51,51,48,68,34,34,34,27,0],"gold":33,"neow_bonus":"THREE_ENEMY_KILL","is_prod":false,"is_daily":false,"chose_seed":false,"campfire_upgraded":2,"win_rate":0,"timestamp":1675029994,"path_taken":["M","?","M","M","$","E","R","M","T","M","M","?","?","$","R","BOSS","M","$","?","M","M"],"build_version":"2022-12-18","purchased_purges":1,"victory":false,"max_hp_per_floor":[75,75,75,75,75,75,75,75,75,75,75,75,75,75,75,75,75,75,75,75,75,75],"card_choices":[{"not_picked":["Searing Blow","Twin Strike"],"picked":"Clash","floor":1},{"not_picked":["Havoc","Heavy Blade"],"picked":"Metallicize","floor":3},{"not_picked":["Cleave","Demon Form"],"picked":"Shrug It Off","floor":4},{"not_picked":["Twin Strike","Headbutt"],"picked":"Perfected Strike","floor":6},{"not_picked":["Cleave","Clash"],"picked":"Brutality","floor":8},{"not_picked":["Cleave","Thunderclap"],"picked":"Battle Trance","floor":10},{"not_picked":["Havoc","Anger"],"picked":"Metallicize","floor":11},{"not_picked":["Reckless Charge","Heavy Blade"],"picked":"Armaments","floor":13},{"not_picked":["Limit Break","Double Tap"],"picked":"Bludgeon","floor":16},{"not_picked":["Pummel","Body Slam+1"],"picked":"Power Through","floor":18},{"not_picked":["Havoc","Thunderclap"],"picked":"Burning Pact","floor":21}],"player_experience":1192860,"relics_obtained":[{"floor":6,"key":"Mercury Hourglass"},{"floor":9,"key":"Regal Pillow"}],"event_choices":[{"damage_healed":0,"gold_gain":0,"cards_transformed":["Defend_R"],"player_choice":"Change","damage_taken":0,"max_hp_gain":0,"max_hp_loss":0,"event_name":"Living Wall","floor":2,"gold_loss":0,"cards_obtained":["Exhume"]},{"cards_removed":["Strike_R"],"damage_healed":0,"gold_gain":0,"player_choice":"Offered Basic","damage_taken":0,"max_hp_gain":0,"max_hp_loss":0,"event_name":"Bonfire Elementals","floor":12,"gold_loss":0},{"damage_healed":0,"gold_gain":0,"player_choice":"Forge","damage_taken":0,"max_hp_gain":0,"max_hp_loss":0,"event_name":"Accursed Blacksmith","floor":20,"gold_loss":0,"cards_upgraded":["True Grit"]}],"is_beta":false,"boss_relics":[{"not_picked":["Mark of Pain","Sozu"],"picked":"Runic Pyramid"}],"items_purged_floors":[5],"is_endless":false,"potions_floor_spawned":[1,3,4,10,16,21],"killed_by":"Snecko","ascension_level":20}