{"gold_per_floor":[116,132,207,207,83,83,111,61,86,86,35,54,54,67,67,166,166,185,36,46,65,81,81,81],"floor_reached":24,"playtime":1005,"items_purged":["Defend_R","Strike_R"],"score":221,"play_id":"909a5161-35fa-4ace-8094-6babb91cb61d","local_time":"20230201011206","is_ascension_mode":false,"campfire_choices":[{"data":"bad_ironclad:Convert","floor":6,"key":"SMITH"},{"data":"Uppercut","floor":10,"key":"SMITH"},{"data":"bad_ironclad:Adaptation","floor":13,"key":"SMITH"},{"data":"Clash","floor":15,"key":"SMITH"},{"data":"Shrug It Off","floor":23,"key":"SMITH"}],"neow_cost":"NONE","seed_source_timestamp":601162995889600,"circlet_count":0,"master_deck":["Strike_R","Defend_R","Defend_R","Defend_R","Bash","bad_ironclad:Convert+1","Cleave","Uppercut+1","bad_ironclad:SharpenedEdge","Clash+1","bad_ironclad:Adaptation+1","bad_ironclad:Smith","Headbutt","Iron Wave","Shrug It Off+1","Rampage","Enlightenment"],"relics":["Burning Blood","NeowsBlessing","Eternal Feather","bad_spire:buffer","Black Star"],"potions_floor_usage":[16,16,20,24],"damage_taken":[{"damage":0,"enemies":"Jaw Worm","floor":1,"turns":1},{"damage":0,"enemies":"Small Slimes","floor":2,"turns":1},{"damage":0,"enemies":"Gremlin Nob","floor":7,"turns":1},{"damage":6,"enemies":"2 Louse","floor":12,"turns":2},{"damage":5,"enemies":"Looter","floor":14,"turns":2},{"damage":35,"enemies":"Hexaghost","floor":16,"turns":8},{"damage":10,"enemies":"Chosen","floor":18,"turns":3},{"damage":15,"enemies":"Shell Parasite","floor":20,"turns":6},{"damage":25,"enemies":"Cultist and Chosen","floor":21,"turns":7},{"damage":22,"enemies":"Centurion and Healer","floor":22,"turns":7},{"damage":44,"enemies":"Slavers","floor":24,"turns":3}],"seed_played":"8043628917395162026","potions_obtained":[{"floor":2,"key":"SkillPotion"},{"floor":12,"key":"DuplicationPotion"},{"floor":16,"key":"Explosive Potion"},{"floor":22,"key":"Weak Potion"}],"is_trial":false,"path_per_floor":["M","M","?","?","$","R","E","?","T","R","$","M","R","M","R","B",null,"M","$","M","M","M","R","E"],"character_chosen":"IRONCLAD","items_purchased":["bad_ironclad:SharpenedEdge","Clash","Iron Wave"],"campfire_rested":0,"item_purchase_floors":[5,11,19],"current_hp_per_floor":[80,80,69,62,62,62,68,68,68,74,74,74,80,80,80,51,80,76,76,67,48,32,41,0],"gold":81,"neow_bonus":"THREE_ENEMY_KILL","is_prod":false,"is_daily":false,"chose_seed":false,"campfire_upgraded":5,"win_rate":0,"timestamp":1675231926,"path_taken":["M","M","?","?","$","R","E","?","T","R","$","M","R","M","R","BOSS","M","$","M","M","M","R","E"],"build_version":"2022-12-18","purchased_purges":2,"victory":false,"max_hp_per_floor":[80,80,80,80,80,80,80,80,80,80,80,80,80,80,80,80,80,80,80,80,80,80,80,80],"card_choices":[{"not_picked":["Clothesline","True Grit"],"picked":"Cleave","floor":1},{"not_picked":["bad_spire:queen","bad_spire:spring","Enlightenment"],"picked":"SKIP","floor":1},{"not_picked":["bad_ironclad:Convert","Flex"],"picked":"Uppercut","floor":2},{"not_picked":["Perfected Strike","Headbutt","bad_ironclad:Reincarnate"],"picked":"SKIP","floor":7},{"not_picked":["bad_spire:lens","bad_spire:queen","bad_spire:orbit"],"picked":"SKIP","floor":7},{"not_picked":["Dark Embrace","Dropkick"],"picked":"bad_ironclad:Adaptation","floor":12},{"not_picked":["Pummel","Wild Strike","Sword Boomerang"],"picked":"SKIP","floor":14},{"not_picked":["bad_ironclad:Rewound","bad_ironclad:Repurpose"],"picked":"bad_ironclad:Smith","floor":16},{"not_picked":["Burning Pact+1","bad_ironclad:Deprecate"],"picked":"Headbutt","floor":18},{"not_picked":["Blind","bad_spire:tickbox","bad_spire:fish_game"],"picked":"SKIP","floor":18},{"not_picked":["bad_ironclad:TargetPractice","Iron Wave"],"picked":"Shrug It Off","floor":20},{"not_picked":["Thunderclap","bad_ironclad:Patience"],"picked":"Rampage","floor":21},{"not_picked":["bad_spire:endospore","bad_spire:back"],"picked":"Enlightenment","floor":22},{"not_picked":["Twin Strike","Fire Breathing","Dark Embrace"],"picked":"SKIP","floor":22}],"player_experience":1212248,"relics_obtained":[{"floor":7,"key":"Eternal Feather"},{"floor":9,"key":"bad_spire:buffer"}],"event_choices":[{"damage_healed":0,"gold_gain":75,"player_choice":"Gather Gold","damage_taken":11,"max_hp_gain":0,"max_hp_loss":0,"event_name":"World of Goop","floor":3,"gold_loss":0},{"cards_removed":["Strike_R"],"damage_healed":0,"gold_gain":0,"player_choice":"Card Removal","damage_taken":7,"max_hp_gain":0,"max_hp_loss":0,"event_name":"Golden Wing","floor":4,"gold_loss":0},{"cards_removed":["Strike_R"],"damage_healed":0,"gold_gain":0,"player_choice":"Card Removal","damage_taken":0,"max_hp_gain":0,"max_hp_loss":0,"event_name":"The Cleric","floor":8,"gold_loss":50}],"is_beta":false,"boss_relics":[{"not_picked":["Ectoplasm","Runic Dome"],"picked":"Black Star"}],"items_purged_floors":[5,19],"is_endless":false,"potions_floor_spawned":[2,12,16,22],"killed_by":"Slavers","ascension_level":0}