{"gold_per_floor":[112,124,49,66,84,84,116,131,131,131,55,55,65,75,75,172,172,191,191,203,54,66,66,66],"floor_reached":24,"playtime":1006,"items_purged":["Defend_R"],"score":200,"play_id":"8f351fd9-d932-42b9-8ea0-e010b43f8acd","local_time":"20230206194705","is_ascension_mode":false,"campfire_choices":[{"data":"Flex","floor":6,"key":"SMITH"},{"data":"Strike_R","floor":10,"key":"PURGE"},{"data":"True Grit","floor":15,"key":"SMITH"},{"data":"Bludgeon","floor":23,"key":"SMITH"}],"neow_cost":"NONE","seed_source_timestamp":56331555505300,"circlet_count":0,"master_deck":["Strike_R","Strike_R","Defend_R","Defend_R","Bash","Metallicize","Thunderclap","Spot Weakness","Flex+1","Carnage","True Grit+1","Inflame+1","Cleave","Bludgeon+1","Pummel+1","Intimidate+1","Exhume+1","Shrug It Off+1","Metallicize+1"],"relics":["Burning Blood","NeowsBlessing","Peace Pipe","InkBottle","Astrolabe","Brimstone"],"potions_floor_usage":[7,16,16,20,24,24,24],"damage_taken":[{"damage":0,"enemies":"Jaw Worm","floor":1,"turns":1},{"damage":0,"enemies":"Cultist","floor":2,"turns":1},{"damage":0,"enemies":"2 Louse","floor":4,"turns":1},{"damage":0,"enemies":"Large Slime","floor":5,"turns":5},{"damage":20,"enemies":"Lagavulin","floor":7,"turns":7},{"damage":18,"enemies":"Red Slaver","floor":8,"turns":5},{"damage":8,"enemies":"Exordium Thugs","floor":13,"turns":5},{"damage":9,"enemies":"3 Louse","floor":14,"turns":4},{"damage":28,"enemies":"Hexaghost","floor":16,"turns":9},{"damage":11,"enemies":"Shell Parasite","floor":18,"turns":5},{"damage":0,"enemies":"3 Byrds","floor":20,"turns":3},{"damage":33,"enemies":"3 Cultists","floor":22,"turns":5},{"damage":72,"enemies":"Slavers","floor":24,"turns":4}],"seed_played":"6175759745472199741","potions_obtained":[{"floor":2,"key":"Strength Potion"},{"floor":7,"key":"SteroidPotion"},{"floor":8,"key":"SteroidPotion"},{"floor":13,"key":"HeartOfIron"},{"floor":16,"key":"Explosive Potion"},{"floor":20,"key":"GamblersBrew"},{"floor":22,"key":"Ancient Potion"}],"is_trial":false,"path_per_floor":["M","M","$","M","M","R","E","M","T","R","$","?","M","M","R","B",null,"M","?","M","$","M","R","E"],"character_chosen":"IRONCLAD","items_purchased":["Inflame","Brimstone"],"campfire_rested":0,"item_purchase_floors":[11,21],"current_hp_per_floor":[80,80,80,80,80,80,66,54,54,54,54,54,52,49,49,27,80,75,75,80,80,53,53,0],"gold":66,"neow_bonus":"THREE_ENEMY_KILL","is_prod":false,"is_daily":false,"chose_seed":false,"campfire_upgraded":3,"win_rate":0,"timestamp":1675730825,"path_taken":["M","M","$","M","M","R","E","M","T","R","$","?","M","?","R","BOSS","M","?","M","$","M","R","E"],"build_version":"2022-12-18","purchased_purges":1,"victory":false,"max_hp_per_floor":[80,80,80,80,80,80,80,80,80,80,80,80,80,80,80,80,80,80,80,80,80,80,80,80],"card_choices":[{"not_picked":["Headbutt","Battle Trance"],"picked":"Metallicize","floor":1},{"not_picked":["Havoc","Wild Strike"],"picked":"Thunderclap","floor":2},{"not_picked":["Pommel Strike","Combust"],"picked":"Spot Weakness","floor":4},{"not_picked":["Intimidate","Thunderclap"],"picked":"Flex","floor":5},{"not_picked":["Armaments","Thunderclap"],"picked":"Carnage","floor":7},{"not_picked":["Blood for Blood","Body Slam"],"picked":"True Grit","floor":8},{"not_picked":["Dark Embrace","Second Wind"],"picked":"Cleave","floor":13},{"not_picked":["Searing Blow","Cleave","Armaments"],"picked":"SKIP","floor":14},{"not_picked":["Berserk","Double Tap"],"picked":"Bludgeon","floor":16},{"not_picked":["Perfected Strike","Rage"],"picked":"Shrug It Off+1","floor":18},{"not_picked":["Fire Breathing","Rampage+1"],"picked":"Metallicize+1","floor":20},{"not_picked":["Rupture","Body Slam","Sword Boomerang+1"],"picked":"SKIP","floor":22}],"player_experience":1261169,"relics_obtained":[{"floor":7,"key":"Peace Pipe"},{"floor":9,"key":"InkBottle"}],"event_choices":[{"damage_healed":0,"gold_gain":0,"player_choice":"Forge","damage_taken":0,"max_hp_gain":0,"max_hp_loss":0,"event_name":"Accursed Blacksmith","floor":12,"gold_loss":0,"cards_upgraded":["Inflame"]},{"damage_healed":0,"gold_gain":0,"player_choice":"Ignored","damage_taken":0,"max_hp_gain":0,"max_hp_loss":0,"event_name":"betterNote:BetterNote","floor":19,"gold_loss":0,"cards_obtained":["Night Terror"]}],"is_beta":false,"boss_relics":[{"not_picked":["Coffee Dripper","Fusion Hammer"],"picked":"Astrolabe"}],"items_purged_floors":[3],"is_endless":false,"potions_floor_spawned":[2,7,8,13,16,20,22],"killed_by":"Slavers","ascension_level":0}