{"gold_per_floor":[10,23,0,18,31,66,66,66,66,66,26,54,74,74,74,174,224,234,234,42,54,5,5,20,37,84,84],"floor_reached":27,"playtime":1157,"items_purged":["Defend_R"],"score":248,"play_id":"ee78e5c7-b03f-4811-8d5d-4ee6b2df2ca1","local_time":"20230201111812","is_ascension_mode":false,"campfire_choices":[{"data":"bad_ironclad:Convert","floor":8,"key":"SMITH"},{"data":"Infernal Blade","floor":10,"key":"SMITH"},{"data":"Perfected Strike","floor":15,"key":"SMITH"},{"data":"Perfected Strike","floor":23,"key":"SMITH"}],"neow_cost":"NO_GOLD","seed_source_timestamp":637379681360900,"circlet_count":0,"master_deck":["Strike_R","Strike_R","Strike_R","Strike_R","Defend_R","Defend_R+1","Bash","bad_ironclad:Convert+1","bad_ironclad:Cache","Infernal Blade+1","Cleave","Cleave","Ghostly Armor","bad_ironclad:PerfectedDefend","Spot Weakness","Pummel","Perfected Strike","bad_spire:inspiration","Perfected Strike+1","Trip","Reaper","Combust","Blood for Blood","bad_ironclad:ShieldClash","Fiend Fire","Rupture+1","Perfected Strike+1","bad_spire:mayhem","Burning Pact"],"relics":["Burning Blood","Pear","Ornamental Fan","Tiny House","Smiling Mask"],"potions_floor_usage":[12,12,16,18,18,27],"damage_taken":[{"damage":7,"enemies":"Small Slimes","floor":1,"turns":4},{"damage":1,"enemies":"Cultist","floor":2,"turns":3},{"damage":8,"enemies":"Jaw Worm","floor":4,"turns":3},{"damage":0,"enemies":"Large Slime","floor":5,"turns":4},{"damage":12,"enemies":"3 Sentries","floor":6,"turns":5},{"damage":16,"enemies":"Gremlin Nob","floor":12,"turns":3},{"damage":2,"enemies":"Blue Slaver","floor":13,"turns":4},{"damage":32,"enemies":"Hexaghost","floor":16,"turns":8},{"damage":11,"enemies":"Shell Parasite","floor":18,"turns":4},{"damage":5,"enemies":"3 Byrds","floor":21,"turns":4},{"damage":15,"enemies":"Snecko","floor":24,"turns":5},{"damage":1,"enemies":"Snake Plant","floor":25,"turns":4},{"damage":112,"enemies":"3 Cultists","floor":27,"turns":7}],"seed_played":"2493294308084634133","potions_obtained":[{"floor":2,"key":"FearPotion"},{"floor":4,"key":"Energy Potion"},{"floor":5,"key":"BlessingOfTheForge"},{"floor":16,"key":"SkillPotion"},{"floor":17,"key":"HeartOfIron"},{"floor":18,"key":"Block Potion"}],"is_trial":false,"path_per_floor":["M","M","$","M","M","E","?","R","T","R","$","E","M","?","R","B",null,"M","?","$","M","$","R","M","M","T","M"],"character_chosen":"IRONCLAD","items_purchased":["Cleave","Pummel","bad_ironclad:ShieldClash","Fiend Fire","Perfected Strike"],"campfire_rested":0,"item_purchase_floors":[3,11,20,20,22],"current_hp_per_floor":[79,80,80,78,80,74,74,74,84,84,84,74,78,83,83,57,100,95,95,95,100,100,100,91,96,96,0],"gold":84,"neow_bonus":"THREE_RARE_CARDS","is_prod":false,"is_daily":false,"chose_seed":false,"campfire_upgraded":4,"win_rate":0,"timestamp":1675268292,"path_taken":["M","M","$","M","M","E","?","R","T","R","?","E","M","?","R","BOSS","M","?","$","M","$","R","M","M","T","M"],"build_version":"2022-12-18","purchased_purges":1,"victory":false,"max_hp_per_floor":[80,80,80,80,80,80,80,80,90,90,90,90,90,95,95,95,100,100,100,100,100,100,100,100,100,100,100],"card_choices":[{"not_picked":["Barricade","bad_ironclad:EndOfTheRoad"],"picked":"bad_ironclad:Cache","floor":0},{"not_picked":["Warcry","Havoc"],"picked":"Infernal Blade","floor":1},{"not_picked":["Iron Wave","bad_ironclad:Deprecate"],"picked":"Cleave","floor":2},{"not_picked":["Heavy Blade","bad_ironclad:Adapt"],"picked":"Ghostly Armor","floor":4},{"not_picked":["Heavy Blade","bad_ironclad:Adaptation"],"picked":"bad_ironclad:PerfectedDefend","floor":5},{"not_picked":["Iron Wave","Carnage"],"picked":"Spot Weakness","floor":6},{"not_picked":["bad_ironclad:Deprecate","Warcry"],"picked":"Perfected Strike","floor":12},{"not_picked":["bad_spire:backthought","bad_spire:disleg"],"picked":"bad_spire:inspiration","floor":12},{"not_picked":["Wild Strike","Immolate"],"picked":"Perfected Strike","floor":13},{"not_picked":["Panacea","bad_spire:chance"],"picked":"Trip","floor":13},{"not_picked":["bad_ironclad:Smith","bad_ironclad:Repurpose"],"picked":"Reaper","floor":16},{"not_picked":["Havoc","Cleave"],"picked":"Combust","floor":17},{"not_picked":["Reckless Charge","Heavy Blade"],"picked":"Blood for Blood","floor":18},{"not_picked":["Pommel Strike","Sever Soul+1"],"picked":"Rupture+1","floor":21},{"not_picked":["bad_spire:shackles","Dramatic Entrance"],"picked":"bad_spire:mayhem","floor":24},{"not_picked":["Fire Breathing","Clothesline","Iron Wave"],"picked":"SKIP","floor":24},{"not_picked":["Flex","bad_ironclad:Adaptation"],"picked":"Burning Pact","floor":25}],"player_experience":1215359,"relics_obtained":[{"floor":9,"key":"Pear"},{"floor":12,"key":"Ornamental Fan"},{"floor":26,"key":"Smiling Mask"}],"event_choices":[{"cards_removed":["Defend_R"],"damage_healed":0,"gold_gain":0,"player_choice":"Purged","damage_taken":0,"max_hp_gain":0,"max_hp_loss":0,"event_name":"Purifier","floor":7,"gold_loss":0},{"damage_healed":0,"gold_gain":0,"player_choice":"Donut","damage_taken":0,"max_hp_gain":5,"max_hp_loss":0,"event_name":"Big Fish","floor":14,"gold_loss":0},{"damage_healed":0,"gold_gain":0,"player_choice":"0 cards matched","damage_taken":0,"max_hp_gain":0,"max_hp_loss":0,"event_name":"Match and Keep!","floor":19,"gold_loss":0,"cards_obtained":[]}],"is_beta":false,"boss_relics":[{"not_picked":["Black Blood","bad_spire:prism"],"picked":"Tiny House"}],"items_purged_floors":[20],"is_endless":false,"potions_floor_spawned":[2,4,5,16,18],"killed_by":"3 Cultists","ascension_level":0}