{"gold_per_floor":[112,122,9,22,33,61,61,87,112,112,126,6,6,25,25,122,122,136,58,70,84,84,84,109,121,133,177,209,421,465,495,507,519],"floor_reached":33,"playtime":2096,"items_purged":[],"score":281,"play_id":"2be08ec3-f108-46b5-8fb5-50ad46e93e0c","local_time":"20230201105840","is_ascension_mode":false,"campfire_choices":[{"data":"bad_spire:die","floor":7,"key":"SMITH"},{"floor":10,"key":"REST"},{"data":"Iron Wave","floor":13,"key":"SMITH"},{"data":"Discovery","floor":15,"key":"SMITH"},{"data":"bad_ironclad:Convert","floor":23,"key":"SMITH"},{"data":"Rupture","floor":25,"key":"SMITH"},{"floor":32,"key":"REST"}],"neow_cost":"NONE","seed_source_timestamp":635267723472100,"circlet_count":0,"master_deck":["Infernal Blade","Clash","bad_spire:die+1","Hemokinesis","bad_ironclad:MoltenShield","Iron Wave","Discovery+1","bad_ironclad:SharpenedEdge","Secret Weapon","Headbutt","Iron Wave+1","Violence","Clash","Combust","Flex","bad_ironclad:Arsenal","Finesse","Intimidate","Rupture+1","bad_ironclad:Convert+1","HandOfGreed","bad_ironclad:Recover","bad_ironclad:Patience","Metallicize"],"relics":["Burning Blood","Anchor","Boot","Art of War","Mark of Pain","MawBank"],"potions_floor_usage":[2,2,2,2,8,16,24,24,31,33,33],"damage_taken":[{"damage":0,"enemies":"Cultist","floor":1,"turns":1},{"damage":59,"enemies":"Jaw Worm","floor":2,"turns":8},{"damage":0,"enemies":"Small Slimes","floor":4,"turns":2},{"damage":5,"enemies":"2 Fungi Beasts","floor":5,"turns":3},{"damage":15,"enemies":"3 Sentries","floor":6,"turns":4},{"damage":12,"enemies":"Gremlin Nob","floor":8,"turns":3},{"damage":2,"enemies":"Blue Slaver","floor":11,"turns":2},{"damage":1,"enemies":"Looter","floor":14,"turns":2},{"damage":30,"enemies":"Hexaghost","floor":16,"turns":11},{"damage":0,"enemies":"2 Thieves","floor":18,"turns":2},{"damage":9,"enemies":"3 Byrds","floor":20,"turns":4},{"damage":6,"enemies":"Cultist and Chosen","floor":21,"turns":5},{"damage":35,"enemies":"Gremlin Leader","floor":24,"turns":4},{"damage":19,"enemies":"3 Cultists","floor":27,"turns":4},{"damage":19,"enemies":"Snake Plant","floor":28,"turns":4},{"damage":20,"enemies":"Centurion and Healer","floor":30,"turns":6},{"damage":12,"enemies":"Cultist and Chosen","floor":31,"turns":6},{"damage":62,"enemies":"Automaton","floor":33,"turns":6}],"seed_played":"8488845002527807795","potions_obtained":[{"floor":1,"key":"EntropicBrew"},{"floor":4,"key":"Dexterity Potion"},{"floor":6,"key":"DuplicationPotion"},{"floor":14,"key":"Block Potion"},{"floor":20,"key":"ColorlessPotion"},{"floor":21,"key":"Strength Potion"},{"floor":27,"key":"Explosive Potion"},{"floor":28,"key":"BlessingOfTheForge"}],"is_trial":false,"path_per_floor":["M","M","$","M","M","E","R","E","T","R","M","$","R","M","R","B",null,"M","$","M","M","?","R","E","R","T","M","M","?","M","M","R","B"],"character_chosen":"IRONCLAD","items_purchased":["Hemokinesis","bad_ironclad:MoltenShield","Clash","Combust","Rupture"],"campfire_rested":2,"item_purchase_floors":[3,3,12,12,19],"current_hp_per_floor":[80,27,27,33,34,25,25,19,19,43,47,47,47,52,52,28,80,80,80,77,77,77,77,48,48,48,35,22,22,8,11,35,0],"gold":519,"neow_bonus":"UPGRADE_CARD","is_prod":false,"is_daily":false,"chose_seed":false,"campfire_upgraded":5,"win_rate":0,"timestamp":1675267120,"path_taken":["M","M","$","M","?","E","R","E","T","R","M","?","R","M","R","BOSS","M","$","M","M","?","R","E","R","T","M","M","?","M","M","R","BOSS"],"build_version":"2022-12-18","purchased_purges":0,"victory":false,"max_hp_per_floor":[80,80,80,80,80,80,80,80,80,80,80,80,80,80,80,80,80,80,80,80,80,80,80,80,80,80,80,80,80,80,80,80,80],"card_choices":[{"not_picked":["bad_ironclad:PerfectedDefend","Seeing Red"],"picked":"Infernal Blade","floor":1},{"not_picked":["bad_ironclad:Fitness","Flex"],"picked":"Clash","floor":2},{"not_picked":["Thinking Ahead","bad_spire:back"],"picked":"bad_spire:die","floor":2},{"not_picked":["Rampage","Dark Embrace"],"picked":"Iron Wave","floor":4},{"not_picked":["bad_spire:descent","bad_spire:backthought"],"picked":"Discovery","floor":4},{"not_picked":["Armaments","bad_ironclad:Adaptation"],"picked":"bad_ironclad:SharpenedEdge","floor":5},{"not_picked":["Discovery","Impatience"],"picked":"Secret Weapon","floor":5},{"not_picked":["Brutality","Heavy Blade"],"picked":"Headbutt","floor":6},{"not_picked":["bad_spire:bomb","bad_spire:uncertainty","bad_spire:aura"],"picked":"SKIP","floor":6},{"not_picked":["bad_ironclad:TargetPractice","Juggernaut"],"picked":"Iron Wave","floor":8},{"not_picked":["Panache","bad_spire:chance"],"picked":"Violence","floor":11},{"not_picked":["Flex","Sentinel","bad_ironclad:ShieldClash"],"picked":"SKIP","floor":11},{"not_picked":["Heavy Blade","Perfected Strike"],"picked":"Flex","floor":14},{"not_picked":["bad_ironclad:Melt","Berserk"],"picked":"bad_ironclad:Arsenal","floor":16},{"not_picked":["bad_spire:tickbox","Madness"],"picked":"Finesse","floor":16},{"not_picked":["bad_ironclad:PerfectedDefend","Clothesline+1"],"picked":"Intimidate","floor":18},{"not_picked":["Iron Wave","bad_ironclad:Adaptation"],"picked":"bad_ironclad:Convert","floor":20},{"not_picked":["Dark Shackles","bad_spire:chance"],"picked":"HandOfGreed","floor":20},{"not_picked":["Heavy Blade","True Grit+1","Armaments"],"picked":"SKIP","floor":21},{"not_picked":["Body Slam","Feel No Pain"],"picked":"bad_ironclad:Recover","floor":24},{"not_picked":["Iron Wave","Cleave+1","Flex+1"],"picked":"SKIP","floor":27},{"not_picked":["Thunderclap","Shrug It Off"],"picked":"bad_ironclad:Patience","floor":28},{"not_picked":["bad_ironclad:Adapt","Havoc"],"picked":"Metallicize","floor":30},{"not_picked":["bad_spire:endospore","bad_spire:queen","Deep Breath"],"picked":"SKIP","floor":30},{"not_picked":["Headbutt","Pummel","Shockwave+1"],"picked":"SKIP","floor":31}],"player_experience":1213263,"relics_obtained":[{"floor":6,"key":"Anchor"},{"floor":8,"key":"Boot"},{"floor":9,"key":"Art of War"},{"floor":24,"key":"MawBank"}],"event_choices":[{"damage_healed":0,"gold_gain":0,"player_choice":"Ignored","damage_taken":0,"max_hp_gain":0,"max_hp_loss":0,"event_name":"betterNote:BetterNote","floor":22,"gold_loss":0,"cards_obtained":["Tempest"]},{"damage_healed":0,"gold_gain":200,"player_choice":"Gold","damage_taken":0,"max_hp_gain":0,"max_hp_loss":0,"event_name":"Wheel of Change","floor":29,"gold_loss":0}],"is_beta":false,"boss_relics":[{"not_picked":["Runic Pyramid","Coffee Dripper"],"picked":"Mark of Pain"}],"items_purged_floors":[],"is_endless":false,"potions_floor_spawned":[1,4,6,14,20,21,27,28],"killed_by":"Automaton","ascension_level":0}