{"gold_per_floor":[12,27,46,62,17,17,50,67,67,78,98,133,133,233,233,335,335,355,369,126,146,165,165,165,165,165,184,41,52,71,71],"floor_reached":31,"playtime":1481,"items_purged":["Shame","Twin Strike"],"score":253,"play_id":"5406375b-9cf2-471a-9680-a257a025361f","local_time":"20230203003040","is_ascension_mode":false,"campfire_choices":[{"data":"Shrug It Off","floor":6.0,"key":"SMITH"},{"data":"Evolve","floor":15.0,"key":"SMITH"},{"data":"Feed","floor":23.0,"key":"SMITH"},{"data":"Disarm","floor":25.0,"key":"SMITH"}],"neow_cost":"CURSE","seed_source_timestamp":4665912421200,"circlet_count":0,"master_deck":["Bash","Twin Strike","Twin Strike","Twin Strike","Twin Strike","Iron Wave","Iron Wave","Iron Wave","Iron Wave","Thunderclap","Battle Trance","Evolve+1","Shrug It Off+1","Power Through","Cleave","Burning Pact","Rampage","Second Wind","Feed+1","Pummel+1","Rage","Disarm+1","Master of Strategy","Rage+1","Entrench+1","Rage","Shrug It Off"],"special_seed":0,"relics":["Burning Blood","The Courier","Question Card","Unceasing Top","StrikeDummy","Runic Dome","NlothsMask"],"potions_floor_usage":[30,30],"damage_taken":[{"damage":5.0,"enemies":"Small Slimes","floor":1.0,"turns":3.0},{"damage":2.0,"enemies":"2 Louse","floor":2.0,"turns":2.0},{"damage":1.0,"enemies":"Cultist","floor":3.0,"turns":3.0},{"damage":1.0,"enemies":"3 Louse","floor":4.0,"turns":2.0},{"damage":8.0,"enemies":"3 Sentries","floor":7.0,"turns":7.0},{"damage":4.0,"enemies":"Looter","floor":8.0,"turns":3.0},{"damage":10.0,"enemies":"Gremlin Gang","floor":10.0,"turns":3.0},{"damage":7.0,"enemies":"Exordium Thugs","floor":11.0,"turns":4.0},{"damage":6.0,"enemies":"Gremlin Nob","floor":12.0,"turns":3.0},{"damage":23.0,"enemies":"Slime Boss","floor":16.0,"turns":9.0},{"damage":15.0,"enemies":"2 Thieves","floor":18.0,"turns":3.0},{"damage":20.0,"enemies":"Spheric Guardian","floor":19.0,"turns":4.0},{"damage":18.0,"enemies":"Snake Plant","floor":21.0,"turns":5.0},{"damage":16.0,"enemies":"3 Cultists","floor":22.0,"turns":5.0},{"damage":17.0,"enemies":"Centurion and Healer","floor":27.0,"turns":5.0},{"damage":7.0,"enemies":"Snake Plant","floor":29.0,"turns":6.0},{"damage":0,"enemies":"Snecko","floor":30,"turns":5},{"damage":38,"enemies":"Slavers","floor":31,"turns":4}],"seed_played":"-211880485532297728","potions_obtained":[{"floor":3.0,"key":"BlessingOfTheForge"},{"floor":7.0,"key":"Swift Potion"},{"floor":11.0,"key":"SpeedPotion"},{"floor":12.0,"key":"Fruit Juice"},{"floor":19.0,"key":"Dexterity Potion"},{"floor":21.0,"key":"Weak Potion"},{"floor":22.0,"key":"SpeedPotion"},{"floor":29.0,"key":"Ancient Potion"}],"is_trial":false,"path_per_floor":["M","M","M","M","$","R","E","M","T","M","M","E","?","?","R","B",null,"M","M","$","M","M","R","?","R","T","M","$","M","M","E"],"character_chosen":"IRONCLAD","items_purchased":["Shrug It Off","Disarm","Master of Strategy","Rage"],"campfire_rested":0,"item_purchase_floors":[5,20,20,28],"current_hp_per_floor":[52,56,61,66,66,66,64,66,66,62,61,61,58,58,58,46,77,71,60,60,48,41,41,41,41,41,30,30,29,35,0],"gold":71,"neow_bonus":"IRONCLAD_BERSERKER","is_prod":false,"is_daily":false,"chose_seed":false,"campfire_upgraded":4,"win_rate":0,"timestamp":1675402240,"path_taken":["M","M","M","M","$","R","E","M","T","M","M","E","?","?","R","BOSS","M","M","$","?","M","R","?","R","T","M","$","M","M","E"],"build_version":"2022-12-18","purchased_purges":2,"victory":false,"max_hp_per_floor":[72,72,72,72,72,72,72,72,72,72,72,72,72,72,72,77,77,80,83,83,83,86,86,86,86,86,86,86,86,86,86],"card_choices":[{"not_picked":["Anger","Twin Strike"],"picked":"Thunderclap","floor":1.0},{"not_picked":["Clothesline","Flex"],"picked":"Battle Trance","floor":2.0},{"not_picked":["Thunderclap","Wild Strike","Twin Strike"],"picked":"SKIP","floor":3.0},{"not_picked":["True Grit","Fire Breathing"],"picked":"Evolve","floor":4.0},{"not_picked":["Evolve","Heavy Blade"],"picked":"Power Through","floor":7.0},{"not_picked":["Warcry","Whirlwind"],"picked":"Cleave","floor":8.0},{"not_picked":["Evolve","Havoc","Iron Wave"],"picked":"Burning Pact","floor":10.0},{"not_picked":["Iron Wave","Clothesline","Demon Form"],"picked":"Rampage","floor":11.0},{"not_picked":["Sword Boomerang","Intimidate","Warcry"],"picked":"Second Wind","floor":12.0},{"not_picked":["Immolate","Limit Break","Brutality"],"picked":"Feed","floor":16.0},{"not_picked":["Heavy Blade","Clash+1","Iron Wave"],"picked":"Pummel+1","floor":18.0},{"not_picked":["Burning Pact","Inflame","Flame Barrier+1"],"picked":"Rage","floor":19.0},{"not_picked":["Heavy Blade","Body Slam","Anger+1"],"picked":"Rage+1","floor":21.0},{"not_picked":["Bloodletting","Sever Soul","Pommel Strike","Shrug It Off"],"picked":"SKIP","floor":22.0},{"not_picked":["Iron Wave","Perfected Strike","True Grit"],"picked":"Entrench+1","floor":27.0},{"not_picked":["Searing Blow","Fire Breathing+1","Reckless Charge"],"picked":"Shrug It Off","floor":29.0},{"not_picked":["Sever Soul+1","Thunderclap","Clothesline","Rupture"],"picked":"SKIP","floor":30}],"player_experience":1250051,"relics_obtained":[{"floor":7.0,"key":"The Courier"},{"floor":9.0,"key":"Question Card"},{"floor":12.0,"key":"Unceasing Top"}],"event_choices":[{"damage_healed":0.0,"max_hp_gain":0.0,"max_hp_loss":0.0,"gold_gain":0.0,"event_name":"Scrap Ooze","player_choice":"Success","floor":13.0,"gold_loss":0.0,"damage_taken":3.0,"relics_obtained":["StrikeDummy"]},{"damage_healed":0.0,"max_hp_gain":0.0,"max_hp_loss":0.0,"gold_gain":100.0,"event_name":"Golden Shrine","player_choice":"Pray","floor":14.0,"gold_loss":0.0,"damage_taken":0.0},{"damage_healed":0.0,"max_hp_gain":0.0,"max_hp_loss":0.0,"gold_gain":0.0,"event_name":"FaceTrader","player_choice":"Trade","floor":24.0,"gold_loss":0.0,"damage_taken":0.0,"relics_obtained":["NlothsMask"]}],"is_beta":false,"boss_relics":[{"not_picked":["Busted Crown","Ectoplasm"],"picked":"Runic Dome"}],"items_purged_floors":[20,28],"is_endless":false,"potions_floor_spawned":[3,7,11,12,19,21,22,29],"killed_by":"Slavers","ascension_level":0}