{"gold_per_floor":[112,112,28,28,48,48,77,91,91,119,138,154,154,169,169,241,241,251,267,106,138,154,154,179,193,193,193,221,221,237,237,237,237],"floor_reached":33,"playtime":1565,"items_purged":["Feel No Pain+1"],"score":669,"play_id":"7b1850a8-d65b-49d3-938e-b23550a753c7","local_time":"20230129173251","is_ascension_mode":true,"campfire_choices":[{"data":"Flex","floor":6,"key":"SMITH"},{"floor":13,"key":"REST"},{"data":"Bludgeon","floor":15,"key":"SMITH"},{"floor":23,"key":"REST"},{"floor":27,"key":"REST"},{"data":"Spot Weakness","floor":29,"key":"SMITH"},{"floor":32,"key":"REST"}],"neow_cost":"NONE","seed_source_timestamp":400242433608100,"circlet_count":0,"master_deck":["AscendersBane","Strike_R","Strike_R","Defend_R","Defend_R","Defend_R","Defend_R","Bash","Cleave","Pommel Strike","Flex+1","Sword Boomerang","Bludgeon+1","Bloodletting","Shockwave","Pummel","Headbutt+1","Spot Weakness+1","Spot Weakness+1","Inflame","Combust","Offering","Carnage+1","Seeing Red","Sever Soul"],"relics":["Burning Blood","Bronze Scales","White Beast Statue","Mummified Hand","Mango","Astrolabe","Red Mask","Anchor","Charon\u0027s Ashes","Tiny Chest"],"potions_floor_usage":[7,10,12,16,16,19,19,21,24,28,30,33,33],"damage_taken":[{"damage":7,"enemies":"Jaw Worm","floor":1,"turns":3},{"damage":5,"enemies":"Small Slimes","floor":5,"turns":2},{"damage":56,"enemies":"Lagavulin","floor":7,"turns":8},{"damage":0,"enemies":"2 Louse","floor":8,"turns":3},{"damage":18,"enemies":"3 Sentries","floor":10,"turns":7},{"damage":4,"enemies":"Exordium Wildlife","floor":11,"turns":2},{"damage":4,"enemies":"Large Slime","floor":12,"turns":4},{"damage":10,"enemies":"Red Slaver","floor":14,"turns":2},{"damage":36,"enemies":"The Guardian","floor":16,"turns":9},{"damage":20,"enemies":"2 Thieves","floor":18,"turns":2},{"damage":18,"enemies":"Shell Parasite","floor":19,"turns":3},{"damage":25,"enemies":"Masked Bandits","floor":21,"turns":3},{"damage":21,"enemies":"Snake Plant","floor":22,"turns":4},{"damage":6,"enemies":"Gremlin Leader","floor":24,"turns":5},{"damage":6,"enemies":"Centurion and Healer","floor":25,"turns":3},{"damage":9,"enemies":"Book of Stabbing","floor":28,"turns":2},{"damage":43,"enemies":"Shelled Parasite and Fungi","floor":30,"turns":4},{"damage":70,"enemies":"Champ","floor":33,"turns":5}],"seed_played":"-4158684131290983510","potions_obtained":[{"floor":5,"key":"LiquidBronze"},{"floor":8,"key":"BlessingOfTheForge"},{"floor":10,"key":"Block Potion"},{"floor":11,"key":"Strength Potion"},{"floor":12,"key":"SpeedPotion"},{"floor":14,"key":"Strength Potion"},{"floor":16,"key":"SkillPotion"},{"floor":18,"key":"SkillPotion"},{"floor":19,"key":"LiquidMemories"},{"floor":21,"key":"Fire Potion"},{"floor":22,"key":"SmokeBomb"},{"floor":24,"key":"DistilledChaos"},{"floor":25,"key":"Fruit Juice"},{"floor":28,"key":"SneckoOil"},{"floor":30,"key":"ElixirPotion"}],"is_trial":false,"path_per_floor":["M","?","$","?","M","R","E","M","T","E","M","M","R","M","R","B",null,"M","M","$","?","M","R","E","M","T","R","E","R","M","?","R","B"],"character_chosen":"IRONCLAD","items_purchased":["Pommel Strike","Flex","Inflame"],"campfire_rested":4,"item_purchase_floors":[3,3,20],"current_hp_per_floor":[67,67,67,72,73,73,23,29,29,31,33,35,63,59,59,29,78,64,52,52,33,18,46,46,46,46,74,71,71,34,34,62,0],"gold":237,"neow_bonus":"RANDOM_COMMON_RELIC","is_prod":false,"is_daily":false,"chose_seed":false,"campfire_upgraded":3,"win_rate":0,"timestamp":1675031571,"path_taken":["M","?","$","?","M","R","E","M","T","E","M","M","R","M","R","BOSS","M","M","$","?","M","R","E","M","T","R","E","R","M","?","R","BOSS"],"build_version":"2022-12-18","purchased_purges":1,"victory":false,"max_hp_per_floor":[75,75,75,80,80,80,80,80,80,94,94,94,94,94,94,94,94,94,94,94,94,94,94,94,94,94,94,94,94,94,94,94,99],"card_choices":[{"not_picked":["True Grit","Sword Boomerang"],"picked":"Cleave","floor":1},{"not_picked":["Anger","Whirlwind"],"picked":"Sword Boomerang","floor":5},{"not_picked":["Clash","Demon Form"],"picked":"Bludgeon","floor":7},{"not_picked":["Carnage","Headbutt"],"picked":"Bloodletting","floor":8},{"not_picked":["Havoc","Power Through"],"picked":"Shockwave","floor":10},{"not_picked":["Twin Strike","Searing Blow","Sword Boomerang"],"picked":"SKIP","floor":11},{"not_picked":["Body Slam","Pommel Strike"],"picked":"Pummel","floor":12},{"not_picked":["Heavy Blade","Iron Wave","Twin Strike"],"picked":"SKIP","floor":14},{"not_picked":["Heavy Blade","Iron Wave","Twin Strike"],"picked":"SKIP","floor":14},{"not_picked":["Perfected Strike","Pommel Strike+1","Clothesline"],"picked":"SKIP","floor":18},{"not_picked":["Dark Embrace","Clothesline"],"picked":"Spot Weakness","floor":19},{"not_picked":["Flex","Armaments"],"picked":"Combust","floor":21},{"not_picked":["Pummel","Clothesline","Rampage"],"picked":"SKIP","floor":22},{"not_picked":["Warcry+1","Armaments"],"picked":"Offering","floor":24},{"not_picked":["Dark Embrace","Wild Strike+1"],"picked":"Carnage+1","floor":25},{"not_picked":["Perfected Strike","Pommel Strike","Searing Blow"],"picked":"SKIP","floor":28},{"not_picked":["Pummel","Searing Blow"],"picked":"Seeing Red","floor":30}],"player_experience":1193854,"relics_obtained":[{"floor":7,"key":"White Beast Statue"},{"floor":9,"key":"Mummified Hand"},{"floor":10,"key":"Mango"},{"floor":21,"key":"Red Mask"},{"floor":24,"key":"Anchor"},{"floor":26,"key":"Charon\u0027s Ashes"},{"floor":28,"key":"Tiny Chest"}],"event_choices":[{"damage_healed":0,"gold_gain":0,"player_choice":"Ignored","damage_taken":0,"max_hp_gain":0,"max_hp_loss":0,"event_name":"Liars Game","floor":2,"gold_loss":0},{"damage_healed":0,"gold_gain":0,"player_choice":"Donut","damage_taken":0,"max_hp_gain":5,"max_hp_loss":0,"event_name":"Big Fish","floor":4,"gold_loss":0},{"damage_healed":0,"gold_gain":0,"player_choice":"Fought Bandits","damage_taken":0,"max_hp_gain":0,"max_hp_loss":0,"event_name":"Masked Bandits","floor":21,"gold_loss":0},{"damage_healed":0,"gold_gain":0,"player_choice":"Read","damage_taken":0,"max_hp_gain":0,"max_hp_loss":0,"event_name":"The Library","floor":31,"gold_loss":0,"cards_obtained":["Sever Soul"]}],"is_beta":false,"boss_relics":[{"not_picked":["Mark of Pain","Sozu"],"picked":"Astrolabe"}],"items_purged_floors":[20],"is_endless":false,"potions_floor_spawned":[5,8,10,11,12,14,16,18,19,21,22,24,25,28,30],"killed_by":"Champ","ascension_level":20}