{"gold_per_floor":[16,27,45,64,25,25,40,60,114,114,131,131,131,144,144,239,239,253,268,286,376,396,396,169,200,253,78,90,116,126,146,146,241,241,253,269,0,12,25,50,50,50,50,50,76,89,89,100,100,100],"floor_reached":50,"playtime":2445,"items_purged":["Writhe","Twin Strike","Iron Wave"],"score":667,"play_id":"eb125bbe-b88f-428d-9c09-6f3f657e43d6","local_time":"20230203011154","is_ascension_mode":false,"campfire_choices":[{"data":"Battle Trance","floor":6.0,"key":"SMITH"},{"data":"Spot Weakness","floor":10,"key":"SMITH"},{"data":"Metallicize","floor":13,"key":"SMITH"},{"data":"Shrug It Off","floor":15,"key":"SMITH"},{"data":"Flex","floor":23,"key":"SMITH"},{"floor":32,"key":"REST"},{"data":"Barricade","floor":41,"key":"SMITH"},{"floor":47,"key":"REST"},{"data":"Heavy Blade","floor":49,"key":"SMITH"}],"neow_cost":"CURSE","seed_source_timestamp":6200331021500,"circlet_count":0,"master_deck":["Bash","Twin Strike","Twin Strike","Twin Strike","Iron Wave","Iron Wave","Hemokinesis","Spot Weakness+1","Warcry","Battle Trance+1","Metallicize+1","Metallicize+1","Shrug It Off+1","Impervious","Flex+1","Flex+1","Headbutt+1","ICR:VitalStrike","Disarm","Rage","Offering","Sword Boomerang","Entrench","Barricade+1","Madness","Madness","Heavy Blade+1"],"special_seed":0,"relics":["Burning Blood","Anchor","Runic Cube","Bottled Flame","Happy Flower","Meat on the Bone","Empty Cage","Brimstone","Vajra","Pear","Regal Pillow"],"potions_floor_usage":[25,29,29,33,33,36,38,46,48,50],"damage_taken":[{"damage":1.0,"enemies":"Cultist","floor":1.0,"turns":3.0},{"damage":0.0,"enemies":"Small Slimes","floor":2.0,"turns":2.0},{"damage":2.0,"enemies":"2 Louse","floor":3.0,"turns":2.0},{"damage":7.0,"enemies":"Exordium Thugs","floor":4.0,"turns":4.0},{"damage":4.0,"enemies":"Blue Slaver","floor":7.0,"turns":3.0},{"damage":2,"enemies":"2 Fungi Beasts","floor":8,"turns":3},{"damage":0,"enemies":"Red Slaver","floor":11,"turns":3},{"damage":0,"enemies":"3 Louse","floor":14,"turns":3},{"damage":2,"enemies":"Slime Boss","floor":16,"turns":7},{"damage":13,"enemies":"2 Thieves","floor":18,"turns":4},{"damage":7,"enemies":"Spheric Guardian","floor":19,"turns":4},{"damage":6,"enemies":"Centurion and Healer","floor":20,"turns":5},{"damage":16,"enemies":"Snecko","floor":22,"turns":5},{"damage":2,"enemies":"Gremlin Leader","floor":25,"turns":5},{"damage":17,"enemies":"Snake Plant","floor":28,"turns":4},{"damage":20,"enemies":"Book of Stabbing","floor":29,"turns":4},{"damage":7,"enemies":"Centurion and Healer","floor":30,"turns":5},{"damage":2,"enemies":"3 Cultists","floor":31,"turns":5},{"damage":15,"enemies":"Champ","floor":33,"turns":9},{"damage":0,"enemies":"Orb Walker","floor":35,"turns":3},{"damage":31,"enemies":"3 Darklings","floor":36,"turns":5},{"damage":12,"enemies":"Maw","floor":38,"turns":5},{"damage":22,"enemies":"4 Shapes","floor":39,"turns":5},{"damage":10,"enemies":"Reptomancer","floor":40,"turns":4},{"damage":17,"enemies":"Giant Head","floor":45,"turns":6},{"damage":34,"enemies":"Sphere and 2 Shapes","floor":46,"turns":5},{"damage":7,"enemies":"Jaw Worm Horde","floor":48,"turns":4},{"damage":82,"enemies":"Awakened One","floor":50,"turns":9}],"seed_played":"3035539715557992359","potions_obtained":[{"floor":1.0,"key":"Ancient Potion"},{"floor":2.0,"key":"DuplicationPotion"},{"floor":14,"key":"Ancient Potion"},{"floor":16,"key":"BlessingOfTheForge"},{"floor":18,"key":"SteroidPotion"},{"floor":28,"key":"Dexterity Potion"},{"floor":29,"key":"CultistPotion"},{"floor":33,"key":"Regen Potion"},{"floor":36,"key":"SkillPotion"},{"floor":40,"key":"Explosive Potion"},{"floor":46,"key":"Dexterity Potion"},{"floor":48,"key":"ColorlessPotion"}],"is_trial":false,"path_per_floor":["M","M","M","M","$","R","M","M","T","R","M","?","R","M","R","B",null,"M","M","M","?","M","R","$","E","T","$","M","E","M","M","R","B",null,"M","M","$","M","M","E","R","?","T","$","E","M","R","M","R","B"],"character_chosen":"IRONCLAD","items_purchased":["Metallicize","ICR:VitalStrike","Disarm","Brimstone"],"campfire_rested":2,"item_purchase_floors":[5,24,27,37],"current_hp_per_floor":[56,62,66,65,65,65,67,71,71,71,72,72,72,72,72,72,72,65,64,64,52,42,42,42,46,46,46,35,21,32,48,69,60,72,72,56,56,50,46,54,54,45,55,55,56,40,79,78,78,0],"gold":100,"neow_bonus":"IRONCLAD_BERSERKER","is_prod":false,"is_daily":false,"chose_seed":false,"campfire_upgraded":7,"win_rate":0,"timestamp":1675404714,"path_taken":["M","M","M","M","$","R","M","?","T","R","M","?","R","M","R","BOSS","M","M","?","?","M","R","$","E","T","?","M","E","M","M","R","BOSS","M","M","$","M","M","E","R","?","T","$","E","M","R","M","R","BOSS"],"build_version":"2022-12-18","purchased_purges":3,"victory":false,"max_hp_per_floor":[72,72,72,72,72,72,72,72,72,72,72,72,72,72,72,72,72,72,72,72,72,72,72,72,72,72,72,72,72,72,72,72,72,72,72,72,72,72,72,72,72,72,82,82,82,82,82,82,82,82],"card_choices":[{"not_picked":["Headbutt","Perfected Strike"],"picked":"Hemokinesis","floor":1.0},{"not_picked":["Headbutt","Thunderclap"],"picked":"Spot Weakness","floor":2.0},{"not_picked":["Dropkick","Thunderclap"],"picked":"Warcry","floor":3.0},{"not_picked":["Havoc","Wild Strike"],"picked":"Battle Trance","floor":4.0},{"not_picked":["Thunderclap","Flex","Armaments"],"picked":"SKIP","floor":7.0},{"not_picked":["Barricade","ICR:Frenzy"],"picked":"Metallicize","floor":8},{"not_picked":["Whirlwind","Feel No Pain","Wild Strike"],"picked":"SKIP","floor":11},{"not_picked":["Twin Strike","Havoc"],"picked":"Shrug It Off","floor":14},{"not_picked":["Immolate","Demon Form"],"picked":"Impervious","floor":16},{"not_picked":["Heavy Blade","Sever Soul"],"picked":"Flex","floor":18},{"not_picked":["Havoc","Perfected Strike"],"picked":"Flex+1","floor":19},{"not_picked":["Pommel Strike","Perfected Strike"],"picked":"Headbutt+1","floor":20},{"not_picked":["Sword Boomerang","Flex","Twin Strike+1"],"picked":"SKIP","floor":22},{"not_picked":["Iron Wave+1","True Grit","Exhume"],"picked":"SKIP","floor":25},{"not_picked":["Iron Wave","Sword Boomerang","Sever Soul+1"],"picked":"SKIP","floor":28},{"not_picked":["Uppercut+1","Warcry","Heavy Blade"],"picked":"SKIP","floor":29},{"not_picked":["True Grit","Clothesline","Perfected Strike"],"picked":"SKIP","floor":30},{"not_picked":["Flex","Cleave"],"picked":"Rage","floor":31},{"not_picked":["Berserk","Bludgeon"],"picked":"Offering","floor":33},{"not_picked":["Twin Strike","Clash"],"picked":"Sword Boomerang","floor":35},{"not_picked":["Entrench+1","Sentinel+1","Shrug It Off+1"],"picked":"SKIP","floor":36},{"not_picked":["Thunderclap+1","Wild Strike"],"picked":"Entrench","floor":38},{"not_picked":["Sword Boomerang","Sentinel+1","Anger+1"],"picked":"SKIP","floor":39},{"not_picked":["Battle Trance","Fire Breathing"],"picked":"Barricade","floor":40},{"not_picked":["Perfected Strike+1","Headbutt","Wild Strike+1"],"picked":"SKIP","floor":45},{"not_picked":["Thunderclap+1","Power Through+1","Shrug It Off+1"],"picked":"SKIP","floor":46},{"not_picked":["Anger","Pommel Strike+1"],"picked":"Heavy Blade","floor":48}],"player_experience":1251532,"relics_obtained":[{"floor":9,"key":"Anchor"},{"floor":25,"key":"Bottled Flame"},{"floor":26,"key":"Happy Flower"},{"floor":29,"key":"Meat on the Bone"},{"floor":40,"key":"Vajra"},{"floor":43,"key":"Pear"},{"floor":45,"key":"Regal Pillow"}],"event_choices":[{"damage_healed":0,"gold_gain":0,"player_choice":"Upgraded","damage_taken":0,"max_hp_gain":0,"max_hp_loss":0,"event_name":"Upgrade Shrine","floor":12,"gold_loss":0,"cards_upgraded":["Metallicize"]},{"damage_healed":0,"gold_gain":90,"player_choice":"GOLD ","damage_taken":12,"max_hp_gain":0,"max_hp_loss":0,"event_name":"Knowing Skull","floor":21,"potions_obtained":[],"gold_loss":0,"cards_obtained":[]},{"damage_healed":0,"gold_gain":0,"player_choice":"Embrace Madness","damage_taken":9,"max_hp_gain":0,"max_hp_loss":0,"event_name":"Winding Halls","floor":42,"gold_loss":0,"cards_obtained":["Madness","Madness"]}],"is_beta":false,"boss_relics":[{"not_picked":["Runic Pyramid","SacredBark"],"picked":"Runic Cube"},{"not_picked":["Busted Crown","Mark of Pain"],"picked":"Empty Cage"}],"items_purged_floors":[24,27,37],"is_endless":false,"potions_floor_spawned":[1,2,14,16,18,19,28,29,33,36,40,46,48],"killed_by":"Awakened One","ascension_level":0}