{"gold_per_floor":[110,130,130,35,35,35,48,76,100,60,25,25,42,60,60,137,137,151,151,167,195,195],"floor_reached":22,"playtime":1563,"items_purged":[],"score":368,"play_id":"b1a6b8cc-a79f-430d-a8e7-6fc71197bc3a","local_time":"20230202001839","is_ascension_mode":true,"campfire_choices":[{"data":"True Grit","floor":6,"key":"SMITH"},{"floor":15,"key":"REST"}],"neow_cost":"NONE","seed_source_timestamp":683798670785800,"circlet_count":0,"master_deck":["AscendersBane","Strike_R","Strike_R","Defend_R","Defend_R","Defend_R","Defend_R","Bash","True Grit+1","Rage","Purity","Armaments","Feel No Pain","Dropkick","Sever Soul","Demon Form","Corruption","Barricade+1","Bludgeon+1","Reckless Charge+1","Anger+1","Entrench","Heavy Blade"],"relics":["Runic Pyramid","Lantern","Centennial Puzzle","Anchor","Astrolabe","Red Mask"],"potions_floor_usage":[8,16,21],"damage_taken":[{"damage":12,"enemies":"Cultist","floor":1,"turns":5},{"damage":2,"enemies":"2 Louse","floor":2,"turns":2},{"damage":4,"enemies":"Jaw Worm","floor":7,"turns":4},{"damage":34,"enemies":"3 Sentries","floor":8,"turns":16},{"damage":1,"enemies":"Looter","floor":10,"turns":4},{"damage":0,"enemies":"Exordium Wildlife","floor":13,"turns":6},{"damage":4,"enemies":"Blue Slaver","floor":14,"turns":4},{"damage":21,"enemies":"The Guardian","floor":16,"turns":13},{"damage":5,"enemies":"Chosen","floor":18,"turns":7},{"damage":28,"enemies":"Spheric Guardian","floor":20,"turns":8},{"damage":30,"enemies":"Masked Bandits","floor":21,"turns":7},{"damage":23,"enemies":"Chosen and Byrds","floor":22,"turns":3}],"seed_played":"-2035582904678217223","potions_obtained":[{"floor":2,"key":"Block Potion"},{"floor":7,"key":"ElixirPotion"},{"floor":14,"key":"Fruit Juice"}],"is_trial":false,"path_per_floor":["M","M","?","$","?","R","M","E","T","M","?","$","M","M","R","B",null,"M","?","M","?","M"],"character_chosen":"IRONCLAD","items_purchased":["Purity"],"campfire_rested":1,"item_purchase_floors":[4],"current_hp_per_floor":[56,54,54,54,43,43,39,5,5,4,22,22,22,18,40,24,66,61,61,33,3,0],"gold":195,"neow_bonus":"BOSS_RELIC","is_prod":false,"is_daily":false,"chose_seed":false,"campfire_upgraded":1,"win_rate":0,"timestamp":1675315119,"path_taken":["M","M","?","$","?","R","M","E","T","M","?","$","M","M","R","BOSS","M","?","M","?","M"],"build_version":"2022-12-18","purchased_purges":0,"victory":false,"max_hp_per_floor":[75,75,75,75,75,75,75,75,75,75,75,75,75,75,75,80,80,80,80,80,80,80],"card_choices":[{"not_picked":["Sword Boomerang","Flame Barrier"],"picked":"True Grit","floor":1},{"not_picked":["Thunderclap","Sword Boomerang"],"picked":"Rage","floor":2},{"not_picked":["Shrug It Off","Flex"],"picked":"Armaments","floor":7},{"not_picked":["Whirlwind","Anger"],"picked":"Feel No Pain","floor":8},{"not_picked":["Headbutt","Warcry"],"picked":"Dropkick","floor":10},{"not_picked":["Headbutt","Cleave"],"picked":"Sever Soul","floor":13},{"not_picked":["Shockwave","Fire Breathing"],"picked":"Demon Form","floor":14},{"not_picked":["Reaper","Demon Form"],"picked":"Corruption","floor":16},{"not_picked":["Uppercut","Hemokinesis"],"picked":"Anger+1","floor":18},{"not_picked":["Thunderclap","Armaments"],"picked":"Heavy Blade","floor":20}],"player_experience":1217944,"relics_obtained":[{"floor":8,"key":"Centennial Puzzle"},{"floor":9,"key":"Anchor"},{"floor":21,"key":"Red Mask"}],"event_choices":[{"damage_healed":0,"gold_gain":0,"player_choice":"Ignored","damage_taken":0,"max_hp_gain":0,"max_hp_loss":0,"event_name":"Golden Idol","floor":3,"gold_loss":0},{"damage_healed":0,"gold_gain":0,"player_choice":"Success","damage_taken":11,"relics_obtained":["Lantern"],"max_hp_gain":0,"max_hp_loss":0,"event_name":"Scrap Ooze","floor":5,"gold_loss":0},{"damage_healed":18,"gold_gain":0,"player_choice":"Healed","damage_taken":0,"max_hp_gain":0,"max_hp_loss":0,"event_name":"The Cleric","floor":11,"gold_loss":35},{"damage_healed":0,"gold_gain":0,"player_choice":"Read","damage_taken":0,"max_hp_gain":0,"max_hp_loss":0,"event_name":"The Library","floor":19,"gold_loss":0,"cards_obtained":["Entrench"]},{"damage_healed":0,"gold_gain":0,"player_choice":"Fought Bandits","damage_taken":0,"max_hp_gain":0,"max_hp_loss":0,"event_name":"Masked Bandits","floor":21,"gold_loss":0}],"is_beta":false,"boss_relics":[{"not_picked":["SlaversCollar","Coffee Dripper"],"picked":"Astrolabe"}],"items_purged_floors":[],"is_endless":false,"potions_floor_spawned":[2,7,14],"killed_by":"Chosen and Byrds","ascension_level":20}