{"gold_per_floor":[116,134,134,152,20,47,47,82,82,82,82,111,111],"floor_reached":13,"playtime":1012,"items_purged":["Defend_R"],"score":182,"play_id":"3c3129ec-40ff-4b57-bd6c-25c0431e2327","local_time":"20230206200426","is_ascension_mode":true,"campfire_choices":[{"data":"Anger","floor":7,"key":"SMITH"},{"data":"Armaments","floor":10,"key":"SMITH"}],"neow_cost":"NONE","seed_source_timestamp":57368119446500,"circlet_count":0,"master_deck":["AscendersBane","Strike_R","Strike_R","Strike_R","Strike_R","Strike_R","Defend_R","Defend_R","Defend_R","Bash","Impervious","Armaments+1","Exhume","Pummel","Shrug It Off","Anger+1","Reaper","Flame Barrier"],"relics":["Burning Blood","HornCleat","Eternal Feather","Mercury Hourglass","Odd Mushroom"],"potions_floor_usage":[6,13],"damage_taken":[{"damage":2,"enemies":"Jaw Worm","floor":1,"turns":5},{"damage":4,"enemies":"2 Louse","floor":2,"turns":4},{"damage":11,"enemies":"Small Slimes","floor":4,"turns":4},{"damage":44,"enemies":"Gremlin Nob","floor":6,"turns":6},{"damage":30,"enemies":"3 Sentries","floor":8,"turns":10},{"damage":18,"enemies":"The Mushroom Lair","floor":12,"turns":4},{"damage":28,"enemies":"Lagavulin","floor":13,"turns":6}],"seed_played":"4866247976526693415","potions_obtained":[{"floor":1,"key":"BlessingOfTheForge"},{"floor":12,"key":"EssenceOfSteel"}],"is_trial":false,"path_per_floor":["M","M","?","M","$","E","R","E","T","R","?","?","E"],"character_chosen":"IRONCLAD","items_purchased":["Shrug It Off"],"campfire_rested":0,"item_purchase_floors":[5],"current_hp_per_floor":[72,74,79,74,74,36,36,12,12,21,21,21,0],"gold":111,"neow_bonus":"ONE_RANDOM_RARE_CARD","is_prod":false,"is_daily":false,"chose_seed":false,"campfire_upgraded":2,"win_rate":0,"timestamp":1675731866,"path_taken":["M","M","?","M","$","E","R","E","T","R","?","?","E"],"build_version":"2022-12-18","purchased_purges":1,"victory":false,"max_hp_per_floor":[75,75,80,80,80,80,80,80,80,80,80,80,80],"card_choices":[{"not_picked":["Warcry","Flex"],"picked":"Armaments","floor":1},{"not_picked":["Warcry","Twin Strike"],"picked":"Exhume","floor":2},{"not_picked":["Twin Strike","Dark Embrace"],"picked":"Pummel","floor":4},{"not_picked":["True Grit","Clothesline"],"picked":"Anger","floor":6},{"not_picked":["Sword Boomerang","Wild Strike"],"picked":"Reaper","floor":8},{"not_picked":["Hemokinesis","Inflame"],"picked":"Flame Barrier","floor":12}],"player_experience":1262175,"relics_obtained":[{"floor":6,"key":"HornCleat"},{"floor":8,"key":"Eternal Feather"},{"floor":9,"key":"Mercury Hourglass"},{"floor":12,"key":"Odd Mushroom"}],"event_choices":[{"damage_healed":0,"gold_gain":0,"player_choice":"Donut","damage_taken":0,"max_hp_gain":5,"max_hp_loss":0,"event_name":"Big Fish","floor":3,"gold_loss":0},{"damage_healed":0,"gold_gain":0,"player_choice":"Ignored","damage_taken":0,"max_hp_gain":0,"max_hp_loss":0,"event_name":"Golden Idol","floor":11,"gold_loss":0},{"damage_healed":0,"gold_gain":0,"player_choice":"Fought Mushrooms","damage_taken":0,"max_hp_gain":0,"max_hp_loss":0,"event_name":"Mushrooms","floor":12,"gold_loss":0}],"is_beta":false,"boss_relics":[],"items_purged_floors":[5],"is_endless":false,"potions_floor_spawned":[1,12],"killed_by":"Lagavulin","ascension_level":20}