{"gold_per_floor":[118,118,135,135,135,135,164,164,164,164,61,80,92,109,109,208,208,227,0,0,11,27,27],"floor_reached":23,"playtime":883,"items_purged":["Strike_R","Defend_R"],"score":241,"play_id":"d4674ae7-9445-4762-9f39-ff9a470439ca","local_time":"20230204103919","is_ascension_mode":false,"campfire_choices":[{"data":"Barricade","floor":6,"key":"SMITH"},{"data":"Iron Wave","floor":8,"key":"SMITH"},{"floor":10,"key":"REST"},{"data":"Shrug It Off","floor":15,"key":"SMITH"}],"neow_cost":"NONE","seed_source_timestamp":128219054483000,"circlet_count":0,"master_deck":["Strike_R","Strike_R","Strike_R","Strike_R","Defend_R","Defend_R+1","Defend_R","Bash","Barricade+1","True Grit+1","Spot Weakness","Iron Wave+1","Shrug It Off+1","Carnage","Anger","Inflame+1","Immolate","Combust+1","Inflame+1","Limit Break+1","Twin Strike"],"relics":["Burning Blood","Smiling Mask","Ornamental Fan","Frozen Egg 2","Black Star","Brimstone"],"potions_floor_usage":[16,16,18,23],"damage_taken":[{"damage":2,"enemies":"Small Slimes","floor":1,"turns":5},{"damage":20,"enemies":"2 Louse","floor":3,"turns":5},{"damage":40,"enemies":"3 Sentries","floor":7,"turns":14},{"damage":0,"enemies":"Jaw Worm","floor":12,"turns":3},{"damage":5,"enemies":"3 Louse","floor":13,"turns":3},{"damage":0,"enemies":"Blue Slaver","floor":14,"turns":4},{"damage":0,"enemies":"Slime Boss","floor":16,"turns":6},{"damage":12,"enemies":"Spheric Guardian","floor":18,"turns":6},{"damage":25,"enemies":"Shell Parasite","floor":21,"turns":5},{"damage":44,"enemies":"Snecko","floor":22,"turns":5},{"damage":24,"enemies":"Gremlin Leader","floor":23,"turns":2}],"seed_played":"-7325414271554563339","potions_obtained":[{"floor":12,"key":"Energy Potion"},{"floor":14,"key":"Fire Potion"},{"floor":16,"key":"Block Potion"},{"floor":22,"key":"Energy Potion"}],"is_trial":false,"path_per_floor":["M","?","M","?","?","R","E","R","T","R","$","M","M","M","R","B",null,"M","$","?","M","M","E"],"character_chosen":"IRONCLAD","items_purchased":["Shrug It Off","Brimstone","Inflame+1"],"campfire_rested":1,"item_purchase_floors":[11,19,19],"current_hp_per_floor":[80,73,59,43,69,69,35,35,35,59,59,65,66,72,72,78,80,74,74,74,55,17,0],"gold":27,"neow_bonus":"ONE_RANDOM_RARE_CARD","is_prod":false,"is_daily":false,"chose_seed":false,"campfire_upgraded":3,"win_rate":0,"timestamp":1675525159,"path_taken":["M","?","M","?","?","R","E","R","T","R","$","M","M","M","R","BOSS","M","$","?","M","M","E"],"build_version":"2022-12-18","purchased_purges":2,"victory":false,"max_hp_per_floor":[80,80,80,80,80,80,80,80,80,80,80,80,80,80,80,80,80,80,80,80,80,80,80],"card_choices":[{"not_picked":["Havoc","Armaments"],"picked":"True Grit","floor":1},{"not_picked":["Dropkick","Iron Wave"],"picked":"Spot Weakness","floor":3},{"not_picked":["Uppercut","Evolve"],"picked":"Iron Wave","floor":7},{"not_picked":["Burning Pact","Armaments"],"picked":"Carnage","floor":12},{"not_picked":["Seeing Red","Shrug It Off"],"picked":"Anger","floor":13},{"not_picked":["Iron Wave","True Grit"],"picked":"Inflame+1","floor":14},{"not_picked":["Exhume","Fiend Fire"],"picked":"Immolate","floor":16},{"not_picked":["Headbutt+1","Anger"],"picked":"Combust+1","floor":18},{"not_picked":["Whirlwind","Cleave","Sentinel"],"picked":"SKIP","floor":21},{"not_picked":["Shrug It Off+1","True Grit+1"],"picked":"Twin Strike","floor":22}],"player_experience":1248229,"relics_obtained":[{"floor":7,"key":"Ornamental Fan"},{"floor":9,"key":"Frozen Egg 2"}],"event_choices":[{"damage_healed":0,"gold_gain":0,"player_choice":"Success","damage_taken":7,"relics_obtained":["Smiling Mask"],"max_hp_gain":0,"max_hp_loss":0,"event_name":"Scrap Ooze","floor":2,"gold_loss":0},{"damage_healed":0,"gold_gain":0,"player_choice":"Entered Light","damage_taken":16,"max_hp_gain":0,"max_hp_loss":0,"event_name":"Shining Light","floor":4,"gold_loss":0,"cards_upgraded":["Defend_R","True Grit"]},{"damage_healed":26,"gold_gain":0,"player_choice":"Banana","damage_taken":0,"max_hp_gain":0,"max_hp_loss":0,"event_name":"Big Fish","floor":5,"gold_loss":0},{"cards_removed":["Barricade"],"damage_healed":0,"gold_gain":0,"player_choice":"Take \u0026 Give","damage_taken":0,"max_hp_gain":0,"max_hp_loss":0,"event_name":"betterNote:BetterNote","floor":20,"gold_loss":0,"cards_obtained":["Limit Break"]}],"is_beta":false,"boss_relics":[{"not_picked":["Runic Cube","Busted Crown"],"picked":"Black Star"}],"items_purged_floors":[11,19],"is_endless":false,"potions_floor_spawned":[12,14,16,22],"killed_by":"Gremlin Leader","ascension_level":0}