{"gold_per_floor":[119,17,17,32,32,60,60,95,95,95,154,188,3,103,103,198,198,215,61,81,81,1,1,16,16,43,62,62,76,1,19,19,124,124,138,153,153,82,92,120,120,146,192,209,209,64,64,64,64,64],"floor_reached":51,"playtime":2927,"items_purged":["Strike_R","Strike_R"],"score":694,"play_id":"f79bd90d-c9ad-49a1-bd88-2671fef5af54","local_time":"20230129182207","is_ascension_mode":false,"campfire_choices":[{"data":"Shrug It Off","floor":7,"key":"SMITH"},{"floor":15,"key":"REST"},{"data":"Juggernaut","floor":23,"key":"SMITH"},{"data":"Dual Wield","floor":25,"key":"SMITH"},{"data":"Feel No Pain","floor":32,"key":"SMITH"},{"data":"Second Wind","floor":41,"key":"SMITH"},{"floor":45,"key":"REST"},{"data":"Immolate","floor":47,"key":"SMITH"},{"floor":49,"key":"REST"}],"neow_cost":"NONE","seed_source_timestamp":401828690041400,"circlet_count":0,"master_deck":["Defend_R","Defend_R","Defend_R","Bash+1","Shrug It Off","Spot Weakness","Anger","Shrug It Off+1","Immolate+1","True Grit","Hemokinesis","Battle Trance","Ghostly Armor","Feel No Pain+1","Juggernaut+1","Burning Pact","Dual Wield+1","Whirlwind","Metallicize","Evolve","Well Laid Plans+1","Inflame","Fiend Fire","Rupture","Sever Soul","Second Wind+1","Metallicize+1","Shrug It Off"],"relics":["Burning Blood","Pen Nib","Blood Vial","Bottled Flame","Du-Vu Doll","WingedGreaves","Mummified Hand","Medical Kit","Sozu","Omamori","Mark of Pain","Ginger","Ancient Tea Set","Bag of Preparation"],"potions_floor_usage":[11,12,20],"damage_taken":[{"damage":1,"enemies":"Cultist","floor":1,"turns":3},{"damage":3,"enemies":"Jaw Worm","floor":4,"turns":3},{"damage":19,"enemies":"3 Sentries","floor":6,"turns":8},{"damage":23,"enemies":"Lagavulin","floor":8,"turns":5},{"damage":24,"enemies":"Lagavulin Event","floor":11,"turns":5},{"damage":16,"enemies":"Gremlin Nob","floor":12,"turns":3},{"damage":29,"enemies":"Hexaghost","floor":16,"turns":8},{"damage":17,"enemies":"2 Thieves","floor":18,"turns":3},{"damage":13,"enemies":"3 Byrds","floor":20,"turns":4},{"damage":7,"enemies":"Shelled Parasite and Fungi","floor":24,"turns":4},{"damage":3,"enemies":"3 Cultists","floor":27,"turns":4},{"damage":6,"enemies":"Centurion and Healer","floor":29,"turns":3},{"damage":12,"enemies":"Cultist and Chosen","floor":31,"turns":5},{"damage":52,"enemies":"Champ","floor":33,"turns":8},{"damage":7,"enemies":"3 Shapes","floor":35,"turns":2},{"damage":5,"enemies":"3 Darklings","floor":36,"turns":5},{"damage":13,"enemies":"Spire Growth","floor":39,"turns":4},{"damage":43,"enemies":"Reptomancer","floor":40,"turns":6},{"damage":36,"enemies":"Nemesis","floor":42,"turns":7},{"damage":4,"enemies":"Transient","floor":44,"turns":5},{"damage":26,"enemies":"Donu and Deca","floor":50,"turns":8}],"seed_played":"-3007069586127511911","potions_obtained":[{"floor":4,"key":"SteroidPotion"},{"floor":8,"key":"Strength Potion"},{"floor":16,"key":"ColorlessPotion"}],"is_trial":false,"path_per_floor":["M","$","?","M","T","E","R","E","T","?","?","E","$","?","R","B",null,"M","$","M","?","$","R","M","R","T","M","?","M","?","M","R","B",null,"M","M","?","$","M","E","R","E","T","M","R","$","R","?","R","B",null],"character_chosen":"IRONCLAD","items_purchased":["Spot Weakness","Anger","Medical Kit","Feel No Pain","Burning Pact","Metallicize","Rupture","Shrug It Off"],"campfire_rested":3,"item_purchase_floors":[2,2,13,13,19,22,38,46],"current_hp_per_floor":[80,80,85,85,85,72,72,57,57,57,41,33,33,33,58,37,85,74,74,69,69,69,69,70,70,70,75,75,77,77,73,73,29,85,84,85,85,85,78,43,43,15,15,19,44,44,44,44,69,51],"gold":64,"neow_bonus":"UPGRADE_CARD","is_prod":false,"is_daily":false,"chose_seed":false,"campfire_upgraded":6,"win_rate":0,"timestamp":1675034527,"path_taken":["M","$","?","M","?","E","R","E","T","?","?","E","$","?","R","BOSS","M","$","?","?","$","R","M","R","T","M","?","M","?","M","R","BOSS","M","M","?","$","M","E","R","E","T","M","R","$","R","?","R","BOSS"],"build_version":"2022-12-18","purchased_purges":2,"victory":true,"max_hp_per_floor":[80,80,85,85,85,85,85,85,85,85,85,85,85,85,85,85,85,85,85,85,85,85,85,85,85,85,85,85,85,85,85,85,85,85,85,85,85,85,85,85,85,85,85,85,85,85,85,85,85,85],"card_choices":[{"not_picked":["Thunderclap","Metallicize"],"picked":"Shrug It Off","floor":1},{"not_picked":["Pommel Strike","Inflame"],"picked":"Shrug It Off","floor":4},{"not_picked":["Evolve","Demon Form"],"picked":"Immolate","floor":6},{"not_picked":["Pommel Strike","Metallicize"],"picked":"True Grit","floor":8},{"not_picked":["Intimidate","Anger"],"picked":"Battle Trance","floor":11},{"not_picked":["Pommel Strike","Clash"],"picked":"Ghostly Armor","floor":12},{"not_picked":["Double Tap","Corruption"],"picked":"Juggernaut","floor":16},{"not_picked":["Spot Weakness","Thunderclap","Clothesline"],"picked":"SKIP","floor":18},{"not_picked":["Clash+1","Perfected Strike"],"picked":"Dual Wield","floor":20},{"not_picked":["Entrench","Rupture"],"picked":"Evolve","floor":24},{"not_picked":["Body Slam","Bloodletting","Anger"],"picked":"SKIP","floor":27},{"not_picked":["Carnage","Twin Strike"],"picked":"Inflame","floor":29},{"not_picked":["Headbutt","Carnage","Power Through"],"picked":"SKIP","floor":31},{"not_picked":["Brutality","Corruption"],"picked":"Fiend Fire","floor":33},{"not_picked":["Sword Boomerang","Seeing Red+1","Thunderclap+1"],"picked":"SKIP","floor":35},{"not_picked":["Flame Barrier","Headbutt+1","Hemokinesis+1"],"picked":"SKIP","floor":36},{"not_picked":["Sword Boomerang","Headbutt+1"],"picked":"Sever Soul","floor":39},{"not_picked":["Body Slam+1","Intimidate+1"],"picked":"Second Wind","floor":40},{"not_picked":["Hemokinesis+1","Armaments"],"picked":"Metallicize+1","floor":42},{"not_picked":["Hemokinesis+1","Clothesline+1","Pommel Strike+1"],"picked":"SKIP","floor":44}],"player_experience":1195419,"relics_obtained":[{"floor":5,"key":"Pen Nib"},{"floor":6,"key":"Blood Vial"},{"floor":8,"key":"Bottled Flame"},{"floor":9,"key":"Du-Vu Doll"},{"floor":11,"key":"WingedGreaves"},{"floor":12,"key":"Mummified Hand"},{"floor":26,"key":"Omamori"},{"floor":40,"key":"Ginger"},{"floor":42,"key":"Ancient Tea Set"},{"floor":43,"key":"Bag of Preparation"}],"event_choices":[{"damage_healed":0,"gold_gain":0,"player_choice":"Donut","damage_taken":0,"max_hp_gain":5,"max_hp_loss":0,"event_name":"Big Fish","floor":3,"gold_loss":0},{"damage_healed":0,"gold_gain":0,"cards_transformed":["Strike_R"],"player_choice":"Change","damage_taken":0,"max_hp_gain":0,"max_hp_loss":0,"event_name":"Living Wall","floor":10,"gold_loss":0,"cards_obtained":["Hemokinesis"]},{"damage_healed":0,"gold_gain":0,"player_choice":"Searched \u00271\u0027 times","damage_taken":0,"max_hp_gain":0,"max_hp_loss":0,"event_name":"Dead Adventurer","floor":11,"gold_loss":0},{"damage_healed":0,"gold_gain":100,"player_choice":"Pray","damage_taken":0,"max_hp_gain":0,"max_hp_loss":0,"event_name":"Golden Shrine","floor":14,"gold_loss":0},{"damage_healed":0,"gold_gain":0,"cards_transformed":["Strike_R"],"player_choice":"Transformed","damage_taken":0,"max_hp_gain":0,"max_hp_loss":0,"event_name":"Transmorgrifier","floor":21,"gold_loss":0,"cards_obtained":["Whirlwind"]},{"cards_removed":["Juggernaut"],"damage_healed":0,"gold_gain":0,"player_choice":"Take \u0026 Give","damage_taken":0,"max_hp_gain":0,"max_hp_loss":0,"event_name":"betterNote:BetterNote","floor":28,"gold_loss":0,"cards_obtained":["Well Laid Plans"]},{"cards_removed":["Defend_R"],"damage_healed":0,"gold_gain":0,"player_choice":"Gave Gold","damage_taken":0,"max_hp_gain":0,"max_hp_loss":0,"event_name":"Beggar","floor":30,"gold_loss":75},{"damage_healed":0,"gold_gain":0,"player_choice":"Ignored","damage_taken":0,"max_hp_gain":0,"max_hp_loss":0,"event_name":"Tomb of Lord Red Mask","floor":37,"gold_loss":0},{"cards_removed":["Strike_R"],"damage_healed":0,"gold_gain":0,"player_choice":"Purged","damage_taken":0,"max_hp_gain":0,"max_hp_loss":0,"event_name":"Purifier","floor":48,"gold_loss":0}],"is_beta":false,"boss_relics":[{"not_picked":["Ectoplasm","Cursed Key"],"picked":"Sozu"},{"not_picked":["Empty Cage","SlaversCollar"],"picked":"Mark of Pain"}],"items_purged_floors":[19,46],"is_endless":false,"potions_floor_spawned":[4,8,16,20,24,29,36,40,42],"ascension_level":0}