{"gold_per_floor":[118,135,17,35,35,35,53,69,92,17,39,57,71,101,101,203,203,221,36,36,36,36,52,69,69,121,153,153,182,232,244,244,244],"floor_reached":33,"playtime":1063,"items_purged":["Strike_R","Strike_R"],"score":312,"play_id":"2ed48e03-e1b7-4678-abe8-93f8b4993634","local_time":"20230213232908","is_ascension_mode":false,"campfire_choices":[{"data":"Armaments","floor":6,"key":"SMITH"},{"data":"Fire Breathing","floor":15,"key":"SMITH"},{"data":"Shrug It Off","floor":25,"key":"SMITH"},{"data":"Warcry","floor":28,"key":"SMITH"},{"data":"Fiend Fire","floor":32,"key":"SMITH"}],"neow_cost":"NONE","seed_source_timestamp":213584216792100,"circlet_count":0,"master_deck":["Strike_R","Strike_R","Strike_R","Defend_R","Defend_R","Defend_R","Defend_R","Bash","Pummel","Armaments+1","Combust","Shrug It Off+1","Fire Breathing+1","Hemokinesis","Seeing Red","Wild Strike","Immolate","Spot Weakness","Fiend Fire+1","Pummel","Warcry+1","Shockwave","Uppercut","Disarm","Carnage+1","Power Through"],"relics":["Burning Blood","NeowsBlessing","Akabeko","Red Skull","Odd Mushroom","Boot","Coffee Dripper","Anchor","Charon\u0027s Ashes","Toy Ornithopter"],"potions_floor_usage":[11,13,16,16,16,16,16,16,29,33],"damage_taken":[{"damage":0,"enemies":"Cultist","floor":1,"turns":1},{"damage":0,"enemies":"Small Slimes","floor":2,"turns":1},{"damage":0,"enemies":"2 Louse","floor":4,"turns":1},{"damage":0,"enemies":"Exordium Wildlife","floor":7,"turns":5},{"damage":0,"enemies":"Red Slaver","floor":8,"turns":1},{"damage":24,"enemies":"The Mushroom Lair","floor":11,"turns":4},{"damage":13,"enemies":"Large Slime","floor":12,"turns":4},{"damage":12,"enemies":"Gremlin Gang","floor":13,"turns":3},{"damage":2,"enemies":"Gremlin Nob","floor":14,"turns":2},{"damage":41,"enemies":"The Guardian","floor":16,"turns":8},{"damage":9,"enemies":"3 Byrds","floor":18,"turns":4},{"damage":0,"enemies":"Spheric Guardian","floor":23,"turns":1},{"damage":14,"enemies":"Snake Plant","floor":24,"turns":2},{"damage":42,"enemies":"Book of Stabbing","floor":27,"turns":5},{"damage":9,"enemies":"Gremlin Leader","floor":29,"turns":4},{"damage":0,"enemies":"Sentry and Sphere","floor":31,"turns":3},{"damage":53,"enemies":"Champ","floor":33,"turns":6}],"seed_played":"-1123157451679179830","potions_obtained":[{"floor":1,"key":"Regen Potion"},{"floor":7,"key":"Fruit Juice"},{"floor":8,"key":"EntropicBrew"},{"floor":13,"key":"SpeedPotion"},{"floor":14,"key":"SteroidPotion"},{"floor":23,"key":"Ancient Potion"},{"floor":27,"key":"EssenceOfSteel"}],"is_trial":false,"path_per_floor":["M","M","$","M","?","R","M","M","T","$","?","M","M","E","R","B",null,"M","$","?","$","?","M","M","R","T","E","R","E","?","M","R","B"],"character_chosen":"IRONCLAD","basemod:card_modifiers":[null,null,null,null,null,null,null,null,null,null,null,null,null,null,null,null,null,null,null,null,null,null,null,null,null,null],"items_purchased":["Combust","Shrug It Off","Pummel","Warcry"],"campfire_rested":0,"item_purchase_floors":[3,3,19,19],"current_hp_per_floor":[80,80,80,80,68,68,74,80,80,80,67,60,66,70,70,68,85,82,82,82,82,66,72,64,64,64,28,28,25,25,31,31,0],"gold":244,"neow_bonus":"THREE_ENEMY_KILL","is_prod":false,"is_daily":false,"chose_seed":false,"campfire_upgraded":5,"win_rate":0,"timestamp":1676348948,"path_taken":["M","?","$","M","?","R","M","M","T","$","?","M","M","E","R","BOSS","M","$","?","$","?","M","M","R","T","E","R","E","?","M","R","BOSS"],"build_version":"2022-12-18","purchased_purges":2,"victory":false,"max_hp_per_floor":[80,80,80,80,80,80,80,80,80,80,85,85,85,85,85,85,85,85,85,85,85,90,90,90,90,90,90,90,90,90,90,90,90],"card_choices":[{"not_picked":["Armaments","Flex"],"picked":"Pummel","floor":1},{"not_picked":["Headbutt","Iron Wave"],"picked":"Armaments","floor":2},{"not_picked":["Power Through","Combust"],"picked":"Fire Breathing","floor":4},{"not_picked":["Rupture","Spot Weakness"],"picked":"Hemokinesis","floor":7},{"not_picked":["Sever Soul","Sword Boomerang"],"picked":"Seeing Red","floor":8},{"not_picked":["Warcry","Heavy Blade"],"picked":"Wild Strike","floor":11},{"not_picked":["Flex","Second Wind"],"picked":"Immolate","floor":12},{"not_picked":["Pommel Strike","Havoc","Clothesline"],"picked":"SKIP","floor":13},{"not_picked":["Flex","Metallicize"],"picked":"Spot Weakness","floor":14},{"not_picked":["Double Tap","Immolate"],"picked":"Fiend Fire","floor":16},{"not_picked":["Dark Embrace","Rampage","Sword Boomerang"],"picked":"SKIP","floor":18},{"not_picked":["Havoc","Sentinel"],"picked":"Shockwave","floor":23},{"not_picked":["Pommel Strike","Sword Boomerang"],"picked":"Uppercut","floor":24},{"not_picked":["Cleave","Pommel Strike+1"],"picked":"Disarm","floor":27},{"not_picked":["Havoc","Headbutt+1"],"picked":"Carnage+1","floor":29},{"not_picked":["Combust+1","Thunderclap"],"picked":"Power Through","floor":31}],"player_experience":1284192,"relics_obtained":[{"floor":9,"key":"Red Skull"},{"floor":11,"key":"Odd Mushroom"},{"floor":14,"key":"Boot"},{"floor":26,"key":"Anchor"},{"floor":27,"key":"Charon\u0027s Ashes"},{"floor":29,"key":"Toy Ornithopter"}],"event_choices":[{"damage_healed":0,"gold_gain":0,"player_choice":"Success","damage_taken":12,"relics_obtained":["Akabeko"],"max_hp_gain":0,"max_hp_loss":0,"event_name":"Scrap Ooze","floor":5,"gold_loss":0},{"damage_healed":0,"gold_gain":0,"player_choice":"Fought Mushrooms","damage_taken":0,"max_hp_gain":0,"max_hp_loss":0,"event_name":"Mushrooms","floor":11,"gold_loss":0},{"cards_removed":["Immolate"],"damage_healed":0,"gold_gain":0,"player_choice":"Give","damage_taken":0,"max_hp_gain":0,"max_hp_loss":0,"event_name":"betterNote:BetterNote","floor":20,"gold_loss":0,"cards_obtained":["None"]},{"damage_healed":0,"gold_gain":0,"player_choice":"Shed Blood","damage_taken":21,"max_hp_gain":5,"max_hp_loss":0,"event_name":"Forgotten Altar","floor":22,"gold_loss":0},{"damage_healed":0,"gold_gain":100,"player_choice":"Bet on Murderer","damage_taken":0,"max_hp_gain":0,"max_hp_loss":0,"event_name":"The Joust","floor":30,"gold_loss":50}],"is_beta":false,"boss_relics":[{"not_picked":["Calling Bell","Black Blood"],"picked":"Coffee Dripper"}],"items_purged_floors":[10,19],"is_endless":false,"potions_floor_spawned":[1,7,8,13,14,23,27],"killed_by":"Champ","ascension_level":0}