{"gold_per_floor":[112,40,59,59,77,108,108,108,161,186,207,207,221,240,240,360,360,330],"floor_reached":18,"playtime":726,"items_purged":[],"score":164,"play_id":"e4d3f514-55a8-4ac8-bc6b-1a56b509d729","local_time":"20230215010154","is_ascension_mode":false,"campfire_choices":[{"data":"Blood for Blood","floor":7,"key":"SMITH"},{"data":"Disarm","floor":12,"key":"SMITH"},{"floor":15,"key":"REST"}],"neow_cost":"NONE","seed_source_timestamp":305894726484900,"circlet_count":0,"master_deck":["Strike_R","Strike_R","Strike_R","Strike_R","Strike_R","Defend_R","Defend_R","Defend_R","Defend_R","Bash","Shrug It Off","Evolve","Disarm+1","Blood for Blood+1","Thunderclap","Headbutt","Demon Form","Heavy Blade","Fiend Fire"],"relics":["Burning Blood","Art of War","Golden Idol","Happy Flower","Regal Pillow","Busted Crown"],"potions_floor_usage":[6,10,16],"damage_taken":[{"damage":1,"enemies":"Cultist","floor":1,"turns":3},{"damage":0,"enemies":"Small Slimes","floor":3,"turns":4},{"damage":3,"enemies":"Jaw Worm","floor":5,"turns":6},{"damage":23,"enemies":"Gremlin Nob","floor":6,"turns":5},{"damage":3,"enemies":"Exordium Wildlife","floor":10,"turns":4},{"damage":12,"enemies":"Blue Slaver","floor":11,"turns":3},{"damage":2,"enemies":"3 Louse","floor":13,"turns":4},{"damage":27,"enemies":"Exordium Wildlife","floor":14,"turns":6},{"damage":46,"enemies":"Slime Boss","floor":16,"turns":9},{"damage":12,"enemies":"2 Thieves","floor":18,"turns":2}],"seed_played":"3486847633476789735","potions_obtained":[{"floor":1,"key":"FearPotion"},{"floor":5,"key":"PowerPotion"},{"floor":6,"key":"Explosive Potion"},{"floor":14,"key":"LiquidBronze"}],"is_trial":false,"path_per_floor":["M","$","M","?","M","E","R","?","T","M","M","R","M","M","R","B",null,"M"],"character_chosen":"IRONCLAD","basemod:card_modifiers":[null,null,null,null,null,null,null,null,null,null,null,null,null,null,null,null,null,null,null],"items_purchased":["Metallicize"],"campfire_rested":1,"item_purchase_floors":[2],"current_hp_per_floor":[80,80,80,60,63,46,46,80,80,80,74,74,78,57,80,40,80,68],"gold":330,"neow_bonus":"RANDOM_COMMON_RELIC","is_prod":false,"is_daily":false,"chose_seed":false,"campfire_upgraded":2,"win_rate":0,"timestamp":1676440914,"path_taken":["M","$","M","?","M","E","R","?","T","M","M","R","?","M","R","BOSS","M"],"build_version":"2022-12-18","purchased_purges":0,"victory":false,"max_hp_per_floor":[80,80,80,80,80,80,80,80,80,80,80,80,80,80,80,80,80,80],"card_choices":[{"not_picked":["Blood for Blood","Wild Strike"],"picked":"Shrug It Off","floor":1},{"not_picked":["Clothesline","Body Slam"],"picked":"Evolve","floor":3},{"not_picked":["Pommel Strike","Second Wind"],"picked":"Disarm","floor":5},{"not_picked":["Hemokinesis","Iron Wave"],"picked":"Blood for Blood","floor":6},{"not_picked":["Metallicize","Rampage"],"picked":"Thunderclap","floor":10},{"not_picked":["Twin Strike","True Grit"],"picked":"Headbutt","floor":11},{"not_picked":["Cleave","Shrug It Off"],"picked":"Demon Form","floor":13},{"not_picked":["Sword Boomerang","Body Slam"],"picked":"Heavy Blade","floor":14},{"not_picked":["Barricade","Juggernaut"],"picked":"Fiend Fire","floor":16}],"player_experience":1287477,"relics_obtained":[{"floor":6,"key":"Happy Flower"},{"floor":9,"key":"Regal Pillow"}],"event_choices":[{"damage_healed":0,"gold_gain":0,"player_choice":"Take Damage","damage_taken":20,"relics_obtained":["Golden Idol"],"max_hp_gain":0,"max_hp_loss":0,"event_name":"Golden Idol","floor":4,"gold_loss":0},{"cards_removed":["Metallicize"],"damage_healed":34,"gold_gain":0,"player_choice":"Offered Uncommon","damage_taken":0,"max_hp_gain":0,"max_hp_loss":0,"event_name":"Bonfire Elementals","floor":8,"gold_loss":0}],"is_beta":false,"boss_relics":[{"not_picked":["SacredBark","SlaversCollar"],"picked":"Busted Crown"}],"items_purged_floors":[],"is_endless":false,"potions_floor_spawned":[1,5,6,14],"killed_by":"2 Thieves","ascension_level":0}