{"gold_per_floor":[119,89,106,126,56,56,22,35,35,66,66,28,53,65,65,169,169,183,31,46,64,84,113,113,113],"floor_reached":25,"playtime":850,"items_purged":["Strike_R"],"score":233,"play_id":"dbbc447c-95ad-4057-a2c1-92800f3a71c4","local_time":"20230215011649","is_ascension_mode":false,"campfire_choices":[{"data":"Pommel Strike","floor":6.0,"key":"SMITH"},{"data":"Juggernaut","floor":11.0,"key":"SMITH"},{"floor":15,"key":"REST"},{"floor":24,"key":"REST"}],"neow_cost":"NONE","seed_source_timestamp":306649682155800,"circlet_count":0,"master_deck":["Strike_R","Strike_R","Strike_R","Strike_R","Defend_R","Defend_R","Defend_R","Defend_R","Bash","Metallicize","Pommel Strike+1","Anger","Fiend Fire","Fire Breathing","Wild Strike","Juggernaut+1","Combust","Feel No Pain","Feed","Rage","Feel No Pain","Feel No Pain","Corruption"],"special_seed":0,"relics":["Burning Blood","Boot","Bag of Marbles","Matryoshka","Bronze Scales","Mark of Pain","Toy Ornithopter"],"potions_floor_usage":[13,16,18,20,23],"damage_taken":[{"damage":3.0,"enemies":"Cultist","floor":1.0,"turns":5.0},{"damage":2.0,"enemies":"Small Slimes","floor":3.0,"turns":3.0},{"damage":6.0,"enemies":"Jaw Worm","floor":4.0,"turns":3.0},{"damage":10.0,"enemies":"Looter","floor":8.0,"turns":2.0},{"damage":11.0,"enemies":"Gremlin Nob","floor":10.0,"turns":3.0},{"damage":25,"enemies":"3 Sentries","floor":13,"turns":5},{"damage":7,"enemies":"Red Slaver","floor":14,"turns":4},{"damage":26,"enemies":"Hexaghost","floor":16,"turns":6},{"damage":18,"enemies":"Chosen","floor":18,"turns":4},{"damage":14,"enemies":"2 Thieves","floor":20,"turns":4},{"damage":17,"enemies":"Centurion and Healer","floor":21,"turns":4},{"damage":22,"enemies":"Shelled Parasite and Fungi","floor":22,"turns":4},{"damage":32,"enemies":"Gremlin Leader","floor":23,"turns":6},{"damage":40,"enemies":"Slavers","floor":25,"turns":3}],"seed_played":"-8395126704150434875","potions_obtained":[{"floor":1.0,"key":"Weak Potion"},{"floor":2.0,"key":"Block Potion"},{"floor":2.0,"key":"DuplicationPotion"},{"floor":4.0,"key":"SteroidPotion"},{"floor":14,"key":"Regen Potion"},{"floor":18,"key":"Strength Potion"}],"is_trial":false,"path_per_floor":["M","?","M","M","$","R","$","M","T","E","R","$","E","M","R","B",null,"M","$","M","M","M","E","R","E"],"character_chosen":"IRONCLAD","basemod:card_modifiers":[null,null,null,null,null,null,null,null,null,null,null,null,null,null,null,null,null,null,null,null,null,null,null],"items_purchased":["Fiend Fire","Fire Breathing","Combust","Feel No Pain"],"campfire_rested":2,"item_purchase_floors":[5,7,12,19],"current_hp_per_floor":[80,80,80,80,80,80,80,76,76,71,71,71,52,51,75,55,80,73,73,65,54,41,15,39,0],"gold":113,"neow_bonus":"RANDOM_COMMON_RELIC","is_prod":false,"is_daily":false,"chose_seed":false,"campfire_upgraded":2,"win_rate":0,"timestamp":1676441809,"path_taken":["M","?","M","M","$","R","$","M","T","E","R","$","E","M","R","BOSS","M","$","M","?","?","E","R","E"],"build_version":"2022-12-18","purchased_purges":1,"victory":false,"max_hp_per_floor":[80,80,80,80,80,80,80,80,80,80,80,80,80,80,80,80,80,80,80,80,80,83,83,83,83],"card_choices":[{"not_picked":["Power Through","Clothesline"],"picked":"Metallicize","floor":1.0},{"not_picked":["Clash","Armaments"],"picked":"Pommel Strike","floor":3.0},{"not_picked":["Reckless Charge","Pommel Strike"],"picked":"Anger","floor":4.0},{"not_picked":["Flex","Fire Breathing"],"picked":"Wild Strike","floor":8.0},{"not_picked":["Pummel","Flex"],"picked":"Juggernaut","floor":10.0},{"not_picked":["Reaper","Ghostly Armor"],"picked":"Feel No Pain","floor":13},{"not_picked":["Havoc","Sword Boomerang","Armaments"],"picked":"SKIP","floor":14},{"not_picked":["Limit Break","Immolate"],"picked":"Feed","floor":16},{"not_picked":["Warcry+1","Wild Strike"],"picked":"Rage","floor":18},{"not_picked":["Fire Breathing+1","Spot Weakness","Twin Strike"],"picked":"SKIP","floor":20},{"not_picked":["Anger+1","Clash+1"],"picked":"Feel No Pain","floor":21},{"not_picked":["Flex","Warcry"],"picked":"Corruption","floor":22},{"not_picked":["Clothesline","Cleave","Uppercut+1"],"picked":"SKIP","floor":23}],"player_experience":1288203,"relics_obtained":[{"floor":9.0,"key":"Bag of Marbles"},{"floor":10.0,"key":"Matryoshka"},{"floor":13,"key":"Bronze Scales"},{"floor":23,"key":"Toy Ornithopter"}],"event_choices":[{"damage_healed":0.0,"max_hp_gain":0.0,"max_hp_loss":0.0,"gold_gain":0.0,"event_name":"The Woman in Blue","player_choice":"Bought 2 Potions","floor":2.0,"gold_loss":0.0,"damage_taken":0.0}],"is_beta":false,"boss_relics":[{"not_picked":["Velvet Choker","Cursed Key"],"picked":"Mark of Pain"}],"items_purged_floors":[19],"is_endless":false,"potions_floor_spawned":[1,4,10,14,18],"killed_by":"Slavers","ascension_level":0}