{"gold_per_floor":[110,19,36,56,71,71,99,111,138,154,170,185,220,232,232,335,335,355,369,386,54,54,54,54],"floor_reached":24,"playtime":1070,"items_purged":["Rupture"],"score":214,"play_id":"32c64b4c-8bfd-40ba-af63-01d493287949","local_time":"20230302003930","is_ascension_mode":false,"campfire_choices":[{"data":"Dark Embrace","floor":6,"key":"SMITH"},{"floor":15,"key":"REST"},{"data":"True Grit","floor":23,"key":"SMITH"}],"neow_cost":"NONE","seed_source_timestamp":1287266781966200,"circlet_count":0,"master_deck":["Bash","Fiend Fire","Dark Embrace+1","Pommel Strike","Cleave","Thunderclap","Shrug It Off","Intimidate","Carnage","Corruption","Shrug It Off","Battle Trance","Burning Pact","Inflame","Impervious","Ghostly Armor","Blood for Blood","Blood for Blood","Warcry","Dropkick","Cleave","Reckless Charge","Rampage","Metallicize","Sentinel","Shrug It Off","True Grit+1"],"relics":["Burning Blood","Ornamental Fan","Anchor","Dream Catcher","Pandora\u0027s Box","OrangePellets","GremlinMask"],"potions_floor_usage":[7,8,16,24,24,24],"damage_taken":[{"damage":1,"enemies":"Cultist","floor":1,"turns":3},{"damage":8,"enemies":"Small Slimes","floor":3,"turns":3},{"damage":0,"enemies":"2 Louse","floor":4,"turns":2},{"damage":13,"enemies":"Lots of Slimes","floor":5,"turns":3},{"damage":23,"enemies":"3 Sentries","floor":7,"turns":5},{"damage":8,"enemies":"Large Slime","floor":8,"turns":4},{"damage":0,"enemies":"Blue Slaver","floor":10,"turns":4},{"damage":12,"enemies":"Gremlin Gang","floor":11,"turns":4},{"damage":5,"enemies":"2 Fungi Beasts","floor":12,"turns":3},{"damage":26,"enemies":"Gremlin Nob","floor":13,"turns":5},{"damage":0,"enemies":"Exordium Thugs","floor":14,"turns":2},{"damage":27,"enemies":"Slime Boss","floor":16,"turns":6},{"damage":33,"enemies":"Spheric Guardian","floor":18,"turns":6},{"damage":13,"enemies":"Chosen","floor":19,"turns":5},{"damage":16,"enemies":"Shelled Parasite and Fungi","floor":20,"turns":6},{"damage":41,"enemies":"Slavers","floor":24,"turns":4}],"seed_played":"7228646423048554010","potions_obtained":[{"floor":4,"key":"Weak Potion"},{"floor":5,"key":"BlessingOfTheForge"},{"floor":12,"key":"Dexterity Potion"},{"floor":13,"key":"CultistPotion"},{"floor":14,"key":"DuplicationPotion"},{"floor":16,"key":"Ancient Potion"}],"is_trial":false,"path_per_floor":["M","$","M","M","M","R","E","M","T","M","M","M","E","M","R","B",null,"M","M","M","$","?","R","E"],"character_chosen":"IRONCLAD","basemod:card_modifiers":[null,null,null,null,null,null,null,null,null,null,null,null,null,null,null,null,null,null,null,null,null,null,null,null,null,null,null],"items_purchased":["Dark Embrace","Pommel Strike","Shrug It Off","OrangePellets","True Grit"],"campfire_rested":1,"item_purchase_floors":[2,2,21,21,21],"current_hp_per_floor":[80,80,78,80,73,73,56,54,54,60,54,55,35,41,65,44,80,53,46,36,36,36,36,0],"gold":54,"neow_bonus":"ONE_RANDOM_RARE_CARD","is_prod":false,"is_daily":false,"chose_seed":false,"campfire_upgraded":2,"win_rate":0,"timestamp":1677735570,"path_taken":["M","$","M","M","?","R","E","M","T","M","M","M","E","M","R","BOSS","M","?","M","$","?","R","E"],"build_version":"2022-12-18","purchased_purges":1,"victory":false,"max_hp_per_floor":[80,80,80,80,80,80,80,80,80,80,80,80,80,80,80,80,80,80,80,80,80,80,80,80],"card_choices":[{"not_picked":["Body Slam","Heavy Blade","Iron Wave"],"picked":"SKIP","floor":1},{"not_picked":["Havoc","Iron Wave"],"picked":"Cleave","floor":3},{"not_picked":["Shrug It Off","Sentinel"],"picked":"Thunderclap","floor":4},{"not_picked":["Dual Wield","Fire Breathing"],"picked":"Shrug It Off","floor":5},{"not_picked":["Cleave","Twin Strike","Shockwave"],"picked":"SKIP","floor":7},{"not_picked":["Havoc","Warcry"],"picked":"Intimidate","floor":8},{"not_picked":["Reckless Charge","True Grit"],"picked":"Carnage","floor":10},{"not_picked":["Shockwave","Bloodletting"],"picked":"Corruption","floor":11},{"not_picked":["Pommel Strike","Dark Embrace"],"picked":"Shrug It Off","floor":12},{"not_picked":["Combust","Pommel Strike"],"picked":"Battle Trance","floor":13},{"not_picked":["Pommel Strike","Flex"],"picked":"Burning Pact","floor":14},{"not_picked":["Sever Soul","Warcry"],"picked":"Inflame","floor":15},{"not_picked":["Brutality","Bludgeon"],"picked":"Impervious","floor":16},{"not_picked":["True Grit","Heavy Blade"],"picked":"Metallicize","floor":18},{"not_picked":["Anger+1","True Grit+1"],"picked":"Sentinel","floor":19},{"not_picked":["Dropkick","Anger","Pommel Strike"],"picked":"SKIP","floor":20}],"player_experience":1301484,"relics_obtained":[{"floor":7,"key":"Ornamental Fan"},{"floor":9,"key":"Anchor"},{"floor":13,"key":"Dream Catcher"}],"event_choices":[{"damage_healed":0,"gold_gain":0,"player_choice":"Trade","damage_taken":0,"relics_obtained":["GremlinMask"],"max_hp_gain":0,"max_hp_loss":0,"event_name":"FaceTrader","floor":22,"gold_loss":0}],"is_beta":false,"boss_relics":[{"not_picked":["Runic Dome","Sozu"],"picked":"Pandora\u0027s Box"}],"items_purged_floors":[21],"is_endless":false,"potions_floor_spawned":[4,5,12,13,14,16,18,19],"killed_by":"Slavers","ascension_level":0}