{"gold_per_floor":[99,99,99,60,60,60,60,60,60,60,60,60,60,60,60,60,60,60,60,60,60,0,0,0,0,0,0,0,0,0],"floor_reached":30,"playtime":1239,"items_purged":["Strike_R"],"score":332,"play_id":"0bc60678-3fac-49e1-b640-3be7c0cf42ea","local_time":"20230223104500","is_ascension_mode":false,"campfire_choices":[{"data":"Rupture","floor":6,"key":"SMITH"},{"data":"True Grit","floor":15,"key":"SMITH"},{"floor":24,"key":"REST"},{"data":"Blasphemy","floor":28,"key":"SMITH"}],"neow_cost":"NONE","seed_source_timestamp":718612053884100,"circlet_count":0,"master_deck":["Strike_R","Strike_R","Defend_R","Defend_R","Defend_R","Defend_R","Bash","Combust","Thunderclap","Armaments+1","Rupture+1","Clothesline+1","Fire Breathing","Reaper+1","Twin Strike+1","True Grit+1","Carnage+1","Juggernaut","Sentinel+1","Blasphemy+1","Disarm+1","Feel No Pain+1","Burning Pact"],"relics":["Ectoplasm","Molten Egg 2","The Courier","Empty Cage","MealTicket","Letter Opener"],"potions_floor_usage":[12,13,16,25,27],"damage_taken":[{"damage":0,"enemies":"2 Louse","floor":1,"turns":3},{"damage":1,"enemies":"Cultist","floor":2,"turns":3},{"damage":8,"enemies":"Small Slimes","floor":3,"turns":3},{"damage":8,"enemies":"Red Slaver","floor":7,"turns":3},{"damage":6,"enemies":"Lagavulin","floor":10,"turns":6},{"damage":7,"enemies":"3 Louse","floor":11,"turns":3},{"damage":6,"enemies":"Gremlin Gang","floor":12,"turns":3},{"damage":5,"enemies":"Gremlin Nob","floor":13,"turns":4},{"damage":15,"enemies":"Lots of Slimes","floor":14,"turns":4},{"damage":2,"enemies":"Slime Boss","floor":16,"turns":5},{"damage":8,"enemies":"3 Byrds","floor":18,"turns":4},{"damage":23,"enemies":"Spheric Guardian","floor":21,"turns":5},{"damage":58,"enemies":"Slavers","floor":23,"turns":6},{"damage":30,"enemies":"3 Cultists","floor":25,"turns":4},{"damage":9,"enemies":"Gremlin Leader","floor":27,"turns":2},{"damage":34,"enemies":"Snake Plant","floor":29,"turns":5},{"damage":100026,"enemies":"Slavers","floor":30,"turns":2}],"seed_played":"3324858656725670700","potions_obtained":[{"floor":1,"key":"Ancient Potion"},{"floor":2,"key":"Block Potion"},{"floor":10,"key":"Block Potion"},{"floor":12,"key":"BloodPotion"},{"floor":13,"key":"SmokeBomb"},{"floor":23,"key":"BlessingOfTheForge"}],"is_trial":false,"path_per_floor":["M","M","M","$","?","R","M","?","T","E","M","M","E","M","R","B",null,"M","T","?","M","$","E","R","M","T","E","R","M","E"],"character_chosen":"IRONCLAD","basemod:card_modifiers":[null,null,null,null,null,null,null,null,null,null,null,null,null,null,null,null,null,null,null,null,null,null,null],"items_purchased":["Rupture"],"campfire_rested":1,"item_purchase_floors":[4],"current_hp_per_floor":[80,79,71,71,71,71,63,63,63,57,50,69,64,58,58,56,80,78,78,78,55,70,22,46,37,37,43,43,9,0],"gold":0,"neow_bonus":"BOSS_RELIC","is_prod":false,"is_daily":false,"chose_seed":false,"campfire_upgraded":3,"win_rate":0,"timestamp":1677167100,"path_taken":["M","M","M","$","?","R","?","?","T","E","M","M","E","M","R","BOSS","M","?","?","M","$","E","R","M","T","E","R","?","E"],"build_version":"2022-12-18","purchased_purges":1,"victory":false,"max_hp_per_floor":[80,80,80,80,80,80,80,80,80,80,80,80,80,80,80,80,80,80,80,80,80,80,80,80,80,80,80,80,80,80],"card_choices":[{"not_picked":["Pommel Strike","Inflame"],"picked":"Combust","floor":1},{"not_picked":["Heavy Blade","Headbutt"],"picked":"Thunderclap","floor":2},{"not_picked":["Heavy Blade","Sentinel"],"picked":"Armaments","floor":3},{"not_picked":["Perfected Strike","Reckless Charge"],"picked":"Clothesline","floor":7},{"not_picked":["Wild Strike+1","Rage"],"picked":"Fire Breathing","floor":10},{"not_picked":["Clothesline+1","Sever Soul+1"],"picked":"Reaper+1","floor":11},{"not_picked":["Clothesline+1","Rampage+1"],"picked":"Twin Strike+1","floor":12},{"not_picked":["Burning Pact","Headbutt+1"],"picked":"True Grit","floor":13},{"not_picked":["Havoc","Headbutt+1"],"picked":"Carnage+1","floor":14},{"not_picked":["Barricade","Exhume"],"picked":"Juggernaut","floor":16},{"not_picked":["Warcry","Headbutt+1","Sentinel+1"],"picked":"SKIP","floor":18},{"not_picked":["Warcry","Headbutt+1"],"picked":"Sentinel+1","floor":18},{"not_picked":["True Grit","Headbutt+1"],"picked":"Disarm+1","floor":21},{"not_picked":["Flex","Perfected Strike+1"],"picked":"Feel No Pain+1","floor":23},{"not_picked":["Battle Trance","Power Through"],"picked":"Burning Pact","floor":25},{"not_picked":["Body Slam+1","Clothesline+1","Clash+1"],"picked":"SKIP","floor":29}],"player_experience":1294533,"relics_obtained":[{"floor":10,"key":"Molten Egg 2"},{"floor":13,"key":"The Courier"},{"floor":19,"key":"MealTicket"},{"floor":23,"key":"Letter Opener"}],"event_choices":[{"damage_healed":0,"gold_gain":0,"player_choice":"Forge","damage_taken":0,"max_hp_gain":0,"max_hp_loss":0,"event_name":"Accursed Blacksmith","floor":5,"gold_loss":0,"cards_upgraded":["Armaments"]},{"damage_healed":0,"gold_gain":0,"player_choice":"Upgraded","damage_taken":0,"max_hp_gain":0,"max_hp_loss":0,"event_name":"Upgrade Shrine","floor":8,"gold_loss":0,"cards_upgraded":["Clothesline"]},{"cards_removed":["Defend_R"],"damage_healed":0,"gold_gain":0,"player_choice":"Take \u0026 Give","damage_taken":0,"max_hp_gain":0,"max_hp_loss":0,"event_name":"betterNote:BetterNote","floor":20,"gold_loss":0,"cards_obtained":["Blasphemy"]}],"is_beta":false,"boss_relics":[{"not_picked":["Runic Dome","Runic Cube"],"picked":"Empty Cage"}],"items_purged_floors":[22],"is_endless":false,"potions_floor_spawned":[1,2,10,12,13,23,27],"killed_by":"Slavers","ascension_level":0}