{"gold_per_floor":[110,110,36,56,56,56,85,10,35,63,63,89,118,144,153,257,257,283,283,292,319,10,19,38,47,92,124,160,181,216,256,277,393,405,445,332,391,415,415,415,457,483,483,523,523,537,564,575,575,575],"floor_reached":51,"playtime":3264,"items_purged":["Defend_R","Strike_R","Anger"],"score":709,"play_id":"4a568d3a-5b64-4995-bb1b-cb2445ad845b","local_time":"20230228193829","is_ascension_mode":false,"campfire_choices":[{"data":"Uppercut","floor":6.0,"key":"SMITH"},{"data":"Bludgeon","floor":11.0,"key":"SMITH"},{"floor":15.0,"key":"REST"},{"floor":23,"key":"REST"},{"floor":25,"key":"REST"},{"floor":29,"key":"REST"},{"floor":32,"key":"REST"},{"floor":40,"key":"REST"},{"floor":49,"key":"REST"}],"neow_cost":"TEN_PERCENT_HP_LOSS","seed_source_timestamp":1180534086353100,"circlet_count":0,"master_deck":["Strike_R","Strike_R","Strike_R","Strike_R","Defend_R","Defend_R","Defend_R+1","Bash","Infernal Blade","Uppercut+1","Flame Barrier+1","Bludgeon+1","Cleave","Disarm","Immolate","Shrug It Off+1","Rupture","Pummel","Blood for Blood","Shrug It Off+1","Combust+1","Inflame","Dual Wield","Heavy Blade","Pummel+1","Corruption","Hemokinesis","Perfected Strike+1","Dark Embrace+1","Disarm","Shrug It Off+1","Feel No Pain+1","Second Wind"],"special_seed":0,"relics":["Burning Blood","StoneCalendar","Unceasing Top","Dream Catcher","CeramicFish","Odd Mushroom","Runic Cube","Red Mask","ClockworkSouvenir","MawBank","Snecko Eye","Prayer Wheel","Calipers","War Paint","Lantern"],"potions_floor_usage":[16,16,18,28,33,33,41,44,44,50,50],"damage_taken":[{"damage":8.0,"enemies":"Jaw Worm","floor":1.0,"turns":4.0},{"damage":0.0,"enemies":"Small Slimes","floor":4.0,"turns":3.0},{"damage":30.0,"enemies":"3 Sentries","floor":7.0,"turns":7.0},{"damage":1.0,"enemies":"2 Louse","floor":10.0,"turns":3.0},{"damage":13.0,"enemies":"The Mushroom Lair","floor":12.0,"turns":3.0},{"damage":4.0,"enemies":"Lots of Slimes","floor":13.0,"turns":5.0},{"damage":12.0,"enemies":"Blue Slaver","floor":14.0,"turns":2.0},{"damage":14,"enemies":"The Guardian","floor":16,"turns":9},{"damage":3,"enemies":"3 Byrds","floor":18,"turns":4},{"damage":28,"enemies":"Masked Bandits","floor":21,"turns":4},{"damage":7,"enemies":"Chosen","floor":24,"turns":6},{"damage":24,"enemies":"Sentry and Sphere","floor":27,"turns":7},{"damage":18,"enemies":"3 Cultists","floor":28,"turns":5},{"damage":12,"enemies":"Snecko","floor":30,"turns":5},{"damage":23,"enemies":"Centurion and Healer","floor":31,"turns":7},{"damage":52,"enemies":"Automaton","floor":33,"turns":8},{"damage":20,"enemies":"3 Shapes","floor":35,"turns":5},{"damage":18,"enemies":"2 Orb Walkers","floor":37,"turns":5},{"damage":10,"enemies":"3 Darklings","floor":38,"turns":4},{"damage":6,"enemies":"Nemesis","floor":41,"turns":5},{"damage":6,"enemies":"Jaw Worm Horde","floor":42,"turns":4},{"damage":4,"enemies":"Reptomancer","floor":44,"turns":5},{"damage":3,"enemies":"Spire Growth","floor":46,"turns":4},{"damage":5,"enemies":"Transient","floor":47,"turns":5},{"damage":32,"enemies":"Maw","floor":48,"turns":7},{"damage":31,"enemies":"Time Eater","floor":50,"turns":10}],"seed_played":"-78660461908128681","potions_obtained":[{"floor":1.0,"key":"Dexterity Potion"},{"floor":4.0,"key":"SteroidPotion"},{"floor":12.0,"key":"SpeedPotion"},{"floor":14.0,"key":"SkillPotion"},{"floor":16,"key":"Weak Potion"},{"floor":21,"key":"SteroidPotion"},{"floor":27,"key":"Fire Potion"},{"floor":31,"key":"Dexterity Potion"},{"floor":37,"key":"ElixirPotion"},{"floor":41,"key":"EssenceOfSteel"},{"floor":42,"key":"Explosive Potion"},{"floor":46,"key":"SpeedPotion"},{"floor":47,"key":"Regen Potion"}],"is_trial":false,"path_per_floor":["M","?","$","M","$","R","E","$","T","M","R","?","M","M","R","B",null,"M","?","?","?","$","R","M","R","T","M","M","R","M","M","R","B",null,"M","$","?","M","?","R","E","M","T","E","?","M","M","M","R","B",null],"character_chosen":"IRONCLAD","basemod:card_modifiers":[null,null,null,null,null,null,null,null,null,null,null,null,null,null,null,null,null,null,null,null,null,null,null,null,null,null,null,null,null,null,null,null,null],"items_purchased":["Uppercut","ClockworkSouvenir","Pummel"],"campfire_rested":7,"item_purchase_floors":[3,22,22],"current_hp_per_floor":[70,52,52,58,58,58,34,34,34,39,39,32,34,28,49,41,72,72,72,72,50,50,71,70,72,72,54,42,63,57,40,61,15,72,58,58,46,42,42,63,63,63,63,65,65,68,69,43,64,48],"gold":575,"neow_bonus":"ONE_RARE_RELIC","is_prod":false,"is_daily":false,"chose_seed":false,"campfire_upgraded":2,"win_rate":0,"timestamp":1677631109,"path_taken":["M","?","$","M","?","R","E","$","T","M","R","?","M","M","R","BOSS","M","?","?","?","$","R","M","R","T","M","M","R","M","M","R","BOSS","M","$","?","M","?","R","E","M","T","E","?","M","M","M","R","BOSS"],"build_version":"2022-12-18","purchased_purges":3,"victory":true,"max_hp_per_floor":[72,72,72,72,72,72,72,72,72,72,72,72,72,72,72,72,72,72,72,72,72,72,72,72,72,72,72,72,72,72,72,72,72,72,72,72,72,72,72,72,72,72,72,72,72,72,72,72,72,72],"card_choices":[{"not_picked":["Clash","Twin Strike"],"picked":"Infernal Blade","floor":1.0},{"not_picked":["Warcry","Body Slam"],"picked":"Anger","floor":4.0},{"not_picked":["Clash","Shockwave"],"picked":"Flame Barrier","floor":7.0},{"not_picked":["Dark Embrace","Sword Boomerang"],"picked":"Bludgeon","floor":10.0},{"not_picked":["Burning Pact","Thunderclap"],"picked":"Cleave","floor":13.0},{"not_picked":["Infernal Blade","Reckless Charge"],"picked":"Disarm","floor":14.0},{"not_picked":["Thunderclap","Pommel Strike"],"picked":"Power Through","floor":15.0},{"not_picked":["Corruption","Barricade"],"picked":"Immolate","floor":16},{"not_picked":["Wild Strike+1","Intimidate"],"picked":"Shrug It Off+1","floor":18},{"not_picked":["Rampage","True Grit"],"picked":"Blood for Blood","floor":23},{"not_picked":["Heavy Blade","Havoc","Uppercut+1"],"picked":"SKIP","floor":24},{"not_picked":["True Grit","Twin Strike"],"picked":"Shrug It Off+1","floor":25},{"not_picked":["Headbutt","Body Slam","Armaments"],"picked":"SKIP","floor":27},{"not_picked":["Bludgeon","Searing Blow"],"picked":"Combust+1","floor":28},{"not_picked":["Fire Breathing","Rampage"],"picked":"Inflame","floor":29},{"not_picked":["Intimidate","Anger"],"picked":"Dual Wield","floor":30},{"not_picked":["Metallicize+1","Havoc"],"picked":"Heavy Blade","floor":31},{"not_picked":["Reckless Charge","Armaments+1"],"picked":"Pummel+1","floor":32},{"not_picked":["Demon Form","Barricade"],"picked":"Corruption","floor":33},{"not_picked":["Body Slam+1","Pommel Strike+1"],"picked":"Hemokinesis","floor":35},{"not_picked":["Sword Boomerang+1","Clash"],"picked":"Perfected Strike+1","floor":37},{"not_picked":["Armaments","Blood for Blood"],"picked":"Dark Embrace+1","floor":38},{"not_picked":["Blood for Blood+1","Warcry+1","Anger+1"],"picked":"SKIP","floor":38},{"not_picked":["Body Slam","Warcry"],"picked":"Disarm","floor":41},{"not_picked":["Body Slam","Dual Wield+1"],"picked":"Shrug It Off+1","floor":42},{"not_picked":["Uppercut+1","Cleave","Sword Boomerang+1"],"picked":"SKIP","floor":42},{"not_picked":["Flex","Rampage+1"],"picked":"Feel No Pain+1","floor":44},{"not_picked":["Heavy Blade","Anger","Blood for Blood"],"picked":"SKIP","floor":46},{"not_picked":["Perfected Strike","True Grit+1","Shrug It Off"],"picked":"SKIP","floor":46},{"not_picked":["Battle Trance","Sword Boomerang+1"],"picked":"Second Wind","floor":47},{"not_picked":["Havoc+1","Shrug It Off","Battle Trance"],"picked":"SKIP","floor":47},{"not_picked":["Heavy Blade+1","Inflame+1","Burning Pact"],"picked":"SKIP","floor":48},{"not_picked":["Iron Wave","Hemokinesis","Pommel Strike"],"picked":"SKIP","floor":48}],"player_experience":1295772,"relics_obtained":[{"floor":7.0,"key":"Dream Catcher"},{"floor":9.0,"key":"CeramicFish"},{"floor":12.0,"key":"Odd Mushroom"},{"floor":21,"key":"Red Mask"},{"floor":26,"key":"MawBank"},{"floor":37,"key":"Prayer Wheel"},{"floor":41,"key":"Calipers"},{"floor":43,"key":"War Paint"},{"floor":44,"key":"Lantern"}],"event_choices":[{"damage_healed":0.0,"max_hp_gain":0.0,"max_hp_loss":0.0,"gold_gain":0.0,"event_name":"Scrap Ooze","player_choice":"Success","floor":2.0,"gold_loss":0.0,"damage_taken":18.0,"relics_obtained":["Unceasing Top"]},{"damage_healed":0.0,"max_hp_gain":0.0,"max_hp_loss":0.0,"gold_gain":0.0,"event_name":"Mushrooms","player_choice":"Fought Mushrooms","floor":12.0,"gold_loss":0.0,"damage_taken":0.0},{"damage_healed":0,"gold_gain":0,"player_choice":"Ignored","damage_taken":0,"max_hp_gain":0,"max_hp_loss":0,"event_name":"betterNote:BetterNote","floor":19,"gold_loss":0,"cards_obtained":["Defend_R"]},{"damage_healed":0,"gold_gain":0,"player_choice":"Read","damage_taken":0,"max_hp_gain":0,"max_hp_loss":0,"event_name":"The Library","floor":20,"gold_loss":0,"cards_obtained":["Rupture"]},{"damage_healed":0,"gold_gain":0,"player_choice":"Fought Bandits","damage_taken":0,"max_hp_gain":0,"max_hp_loss":0,"event_name":"Masked Bandits","floor":21,"gold_loss":0},{"damage_healed":0,"gold_gain":0,"player_choice":"Fight","damage_taken":0,"max_hp_gain":0,"max_hp_loss":0,"event_name":"Mysterious Sphere","floor":37,"gold_loss":0},{"damage_healed":0,"gold_gain":0,"player_choice":"Memory 1","damage_taken":0,"max_hp_gain":0,"max_hp_loss":0,"event_name":"SensoryStone","floor":39,"gold_loss":0},{"cards_removed":["Power Through"],"damage_healed":0,"gold_gain":0,"player_choice":"Removed Skill","damage_taken":0,"max_hp_gain":0,"max_hp_loss":0,"event_name":"Falling","floor":45,"gold_loss":0}],"is_beta":false,"boss_relics":[{"not_picked":["Black Star","Runic Dome"],"picked":"Runic Cube"},{"not_picked":["Tiny House","Fusion Hammer"],"picked":"Snecko Eye"}],"items_purged_floors":[8,22,36],"is_endless":false,"potions_floor_spawned":[1,4,12,14,16,21,27,31,37,41,42,46,47],"ascension_level":0}