{"gold_per_floor":[111,127,8,20,20,20,34,60,60,60,73,100,100,113,113,215,215,230,247,264,117,127,127,141,141,165,165,190,190,208,223,223,325,325,344,361,361,53,71,99,99,116,140,140,140,154,154,0,0,0],"floor_reached":51,"playtime":2738,"items_purged":["Shockwave"],"score":686,"play_id":"ed928e88-c80b-4db2-ad2b-d11696374a56","local_time":"20230308115033","is_ascension_mode":false,"campfire_choices":[{"data":"Hemokinesis","floor":6,"key":"SMITH"},{"data":"Bash","floor":10,"key":"SMITH"},{"data":"True Grit","floor":15,"key":"SMITH"},{"data":"Armaments","floor":23,"key":"SMITH"},{"data":"Body Slam","floor":25,"key":"SMITH"},{"data":"Disarm","floor":27,"key":"SMITH"},{"floor":29,"key":"REST"},{"data":"Pummel","floor":32,"key":"SMITH"},{"floor":41,"key":"REST"},{"data":"1","floor":44,"key":"LIFT"},{"floor":49,"key":"REST"}],"neow_cost":"NONE","seed_source_timestamp":1844255504979900,"circlet_count":0,"master_deck":["Bash+1","Brutality","Thunderclap","Hemokinesis+1","Inflame+1","Dropkick","Thunderclap","Disarm+1","True Grit+1","Offering","Blood for Blood","Evolve","Shrug It Off","Metallicize","Impervious","Immolate","Armaments+1","Flame Barrier","Body Slam+1","Dual Wield","Impervious","Pummel+1","Flex","Exhume","Secret Weapon","Rupture","Disarm+1","Blood for Blood+1","Madness","Madness"],"relics":["Burning Blood","Blood Vial","Akabeko","Gremlin Horn","Pandora\u0027s Box","HandDrill","Regal Pillow","StrikeDummy","Runic Cube","DollysMirror","Girya","Juzu Bracelet","Red Mask"],"potions_floor_usage":[8,8,14,16,28,30,31,33,33,40,46,50],"damage_taken":[{"damage":13,"enemies":"Small Slimes","floor":1,"turns":4},{"damage":2,"enemies":"Cultist","floor":2,"turns":3},{"damage":5,"enemies":"2 Louse","floor":4,"turns":3},{"damage":18,"enemies":"Lots of Slimes","floor":7,"turns":4},{"damage":13,"enemies":"Lagavulin","floor":8,"turns":5},{"damage":8,"enemies":"Blue Slaver","floor":11,"turns":3},{"damage":24,"enemies":"Gremlin Nob","floor":12,"turns":4},{"damage":3,"enemies":"3 Louse","floor":14,"turns":2},{"damage":37,"enemies":"Hexaghost","floor":16,"turns":8},{"damage":8,"enemies":"Shell Parasite","floor":18,"turns":4},{"damage":15,"enemies":"Chosen","floor":19,"turns":4},{"damage":9,"enemies":"3 Cultists","floor":20,"turns":2},{"damage":15,"enemies":"Snake Plant","floor":22,"turns":2},{"damage":17,"enemies":"Centurion and Healer","floor":24,"turns":5},{"damage":21,"enemies":"Gremlin Leader","floor":28,"turns":4},{"damage":11,"enemies":"Sentry and Sphere","floor":30,"turns":3},{"damage":2,"enemies":"Cultist and Chosen","floor":31,"turns":1},{"damage":25,"enemies":"Champ","floor":33,"turns":8},{"damage":20,"enemies":"Orb Walker","floor":35,"turns":4},{"damage":21,"enemies":"3 Shapes","floor":36,"turns":2},{"damage":31,"enemies":"Spire Growth","floor":39,"turns":6},{"damage":27,"enemies":"Reptomancer","floor":40,"turns":8},{"damage":16,"enemies":"Maw","floor":42,"turns":7},{"damage":21,"enemies":"3 Darklings","floor":46,"turns":4},{"damage":37,"enemies":"Donu and Deca","floor":50,"turns":4}],"seed_played":"6565197491229510182","potions_obtained":[{"floor":4,"key":"Energy Potion"},{"floor":7,"key":"Regen Potion"},{"floor":11,"key":"Dexterity Potion"},{"floor":13,"key":"FairyPotion"},{"floor":13,"key":"Regen Potion"},{"floor":20,"key":"Dexterity Potion"},{"floor":24,"key":"Swift Potion"},{"floor":28,"key":"LiquidMemories"},{"floor":30,"key":"DuplicationPotion"},{"floor":31,"key":"BlessingOfTheForge"},{"floor":36,"key":"Explosive Potion"},{"floor":40,"key":"LiquidBronze"},{"floor":42,"key":"SteroidPotion"}],"is_trial":false,"path_per_floor":["M","M","$","M","?","R","M","E","T","R","M","E","?","M","R","B",null,"M","M","M","$","M","R","M","R","T","R","E","R","M","M","R","B",null,"M","M","?","$","M","E","R","M","T","R","?","M","?","?","R","B",null],"character_chosen":"IRONCLAD","basemod:card_modifiers":[null,null,null,null,null,null,null,null,null,null,null,null,null,null,null,null,null,null,null,null,null,null,null,null,null,null,null,null,null,null],"items_purchased":["Inflame","Shrug It Off","HandDrill","Rupture","DollysMirror"],"campfire_rested":3,"item_purchase_floors":[3,3,21,38,38],"current_hp_per_floor":[73,77,77,78,78,78,66,71,71,71,71,55,55,65,65,36,80,78,71,70,70,63,63,54,54,54,54,41,80,75,80,80,61,80,66,53,53,53,30,11,50,42,42,42,42,29,19,19,58,29],"gold":0,"neow_bonus":"TRANSFORM_CARD","is_prod":false,"is_daily":false,"chose_seed":false,"campfire_upgraded":7,"win_rate":0,"timestamp":1678294233,"path_taken":["M","M","$","M","?","R","M","E","T","R","?","E","?","M","R","BOSS","M","M","?","$","M","R","M","R","T","R","E","R","M","M","R","BOSS","M","M","?","$","M","E","R","M","T","R","?","M","?","?","R","BOSS"],"build_version":"2022-12-18","purchased_purges":1,"victory":true,"max_hp_per_floor":[80,80,80,80,80,80,80,80,80,80,80,80,80,80,80,80,80,80,80,80,80,80,80,80,80,80,80,80,80,80,80,80,80,80,80,80,80,80,80,80,80,80,80,80,80,80,80,80,80,80],"card_choices":[{"not_picked":["Pommel Strike","Sever Soul"],"picked":"Thunderclap","floor":1},{"not_picked":["Sever Soul","Flex"],"picked":"Hemokinesis","floor":2},{"not_picked":["Shrug It Off","Headbutt","Twin Strike"],"picked":"SKIP","floor":4},{"not_picked":["Flame Barrier","Searing Blow"],"picked":"Dropkick","floor":7},{"not_picked":["Flex","Headbutt"],"picked":"Thunderclap","floor":8},{"not_picked":["Uppercut","Body Slam"],"picked":"Disarm","floor":11},{"not_picked":["Searing Blow","Dark Embrace","Double Tap"],"picked":"SKIP","floor":12},{"not_picked":["Reckless Charge","Heavy Blade"],"picked":"True Grit","floor":14},{"not_picked":["Double Tap","Berserk"],"picked":"Offering","floor":16},{"not_picked":["Pommel Strike","Flex","Hemokinesis"],"picked":"SKIP","floor":18},{"not_picked":["Wild Strike","Carnage","Searing Blow+1"],"picked":"SKIP","floor":19},{"not_picked":["Warcry","Clash"],"picked":"Body Slam","floor":20},{"not_picked":["Wild Strike","Iron Wave"],"picked":"Dual Wield","floor":22},{"not_picked":["True Grit","Thunderclap+1"],"picked":"Impervious","floor":24},{"not_picked":["Clothesline+1","Carnage"],"picked":"Pummel","floor":28},{"not_picked":["Armaments+1","Wild Strike+1"],"picked":"Shockwave","floor":30},{"not_picked":["Havoc+1","Warcry+1"],"picked":"Flex","floor":31},{"not_picked":["Brutality","Impervious"],"picked":"Exhume","floor":33},{"not_picked":["Flex+1","Clothesline+1","Dual Wield"],"picked":"SKIP","floor":35},{"not_picked":["Dual Wield","Perfected Strike","Wild Strike+1"],"picked":"SKIP","floor":36},{"not_picked":["Good Instincts","Swift Strike"],"picked":"Secret Weapon","floor":37},{"not_picked":["Dual Wield+1","Cleave+1","Clothesline+1"],"picked":"SKIP","floor":39},{"not_picked":["Headbutt+1","Clothesline+1","True Grit"],"picked":"SKIP","floor":40},{"not_picked":["Demon Form","Fire Breathing+1","Wild Strike+1"],"picked":"SKIP","floor":42},{"not_picked":["Shockwave","Armaments+1"],"picked":"Blood for Blood+1","floor":46}],"player_experience":1312165,"relics_obtained":[{"floor":8,"key":"Blood Vial"},{"floor":9,"key":"Akabeko"},{"floor":12,"key":"Gremlin Horn"},{"floor":26,"key":"Regal Pillow"},{"floor":28,"key":"StrikeDummy"},{"floor":40,"key":"Girya"},{"floor":43,"key":"Juzu Bracelet"}],"event_choices":[{"damage_healed":0,"gold_gain":0,"player_choice":"Forge","damage_taken":0,"max_hp_gain":0,"max_hp_loss":0,"event_name":"Accursed Blacksmith","floor":5,"gold_loss":0,"cards_upgraded":["Inflame"]},{"damage_healed":0,"gold_gain":0,"player_choice":"Got Potions","damage_taken":0,"max_hp_gain":0,"max_hp_loss":0,"event_name":"Lab","floor":13,"gold_loss":0},{"damage_healed":0,"gold_gain":0,"player_choice":"Memory 1","damage_taken":0,"max_hp_gain":0,"max_hp_loss":0,"event_name":"SensoryStone","floor":37,"gold_loss":0},{"cards_removed":["Shrug It Off"],"damage_healed":0,"gold_gain":0,"player_choice":"Removed Skill","damage_taken":0,"max_hp_gain":0,"max_hp_loss":0,"event_name":"Falling","floor":45,"gold_loss":0},{"damage_healed":0,"gold_gain":0,"player_choice":"Embrace Madness","damage_taken":10,"max_hp_gain":0,"max_hp_loss":0,"event_name":"Winding Halls","floor":47,"gold_loss":0,"cards_obtained":["Madness","Madness"]},{"damage_healed":0,"gold_gain":0,"player_choice":"Paid","damage_taken":0,"relics_obtained":["Red Mask"],"max_hp_gain":0,"max_hp_loss":0,"event_name":"Tomb of Lord Red Mask","floor":48,"gold_loss":154}],"is_beta":false,"boss_relics":[{"not_picked":["Runic Dome","Mark of Pain"],"picked":"Pandora\u0027s Box"},{"not_picked":["Snecko Eye","Calling Bell"],"picked":"Runic Cube"}],"items_purged_floors":[38],"is_endless":false,"potions_floor_spawned":[4,7,11,20,24,28,30,31,36,40,42],"ascension_level":0}