{"gold_per_floor":[109,119,138,155,172,172,197,197,197,197,207,29,57,24,24,127,127,138,126,48,60,60,60,92,92,119,152,162,191,208,158,158,255,255,275,275,24,41,41,69,69,97,120,120,132,158,508,520,520,520],"floor_reached":51,"playtime":3245,"items_purged":["Defend_R","Bludgeon"],"score":975,"play_id":"1fc8af77-fe43-4ab5-b457-2b705810f022","local_time":"20230326203148","is_ascension_mode":true,"campfire_choices":[{"data":"Armaments","floor":6,"key":"SMITH"},{"floor":8,"key":"REST"},{"data":"Exhume","floor":15,"key":"SMITH"},{"data":"Barricade","floor":23,"key":"SMITH"},{"floor":25,"key":"REST"},{"data":"Entrench","floor":32,"key":"SMITH"},{"floor":41,"key":"REST"},{"floor":44,"key":"REST"},{"floor":49,"key":"REST"}],"neow_cost":"NONE","seed_source_timestamp":1011977762364000,"circlet_count":0,"master_deck":["Bash","Exhume+1","Headbutt","Armaments+1","Reaper","Cleave","Impervious","Entrench","Burning Pact","Feel No Pain","Metallicize","Blood for Blood","Spot Weakness","Pummel","Barricade+1","Bloodletting","Exhume","Brutality","Disarm","Rampage","Armaments","Feel No Pain","Intimidate","Pommel Strike+1","Metallicize","Battle Trance","Entrench+1","Rupture","Impervious","Anger+1","Offering","Heavy Blade+1"],"relics":["Burning Blood","Dream Catcher","HornCleat","StoneCalendar","Nloth\u0027s Gift","Bottled Tornado","Bronze Scales","Nunchaku","Strawberry","Snecko Eye","Lee\u0027s Waffle","Sundial","Oddly Smooth Stone","Akabeko","Pear","Old Coin"],"potions_floor_usage":[7,7,13,16,21,29,29,29,29,30,42,50],"damage_taken":[{"damage":1,"enemies":"Cultist","floor":1,"turns":3},{"damage":12,"enemies":"Small Slimes","floor":2,"turns":3},{"damage":8,"enemies":"Jaw Worm","floor":3,"turns":4},{"damage":9,"enemies":"Blue Slaver","floor":4,"turns":4},{"damage":19,"enemies":"Red Slaver","floor":5,"turns":8},{"damage":25,"enemies":"3 Sentries","floor":7,"turns":5},{"damage":3,"enemies":"Large Slime","floor":11,"turns":5},{"damage":30,"enemies":"Lagavulin","floor":13,"turns":8},{"damage":3,"enemies":"Exordium Thugs","floor":14,"turns":5},{"damage":25,"enemies":"Hexaghost","floor":16,"turns":13},{"damage":8,"enemies":"Spheric Guardian","floor":18,"turns":7},{"damage":13,"enemies":"2 Thieves","floor":19,"turns":4},{"damage":6,"enemies":"Snecko","floor":21,"turns":4},{"damage":61,"enemies":"Gremlin Leader","floor":24,"turns":8},{"damage":19,"enemies":"Book of Stabbing","floor":27,"turns":7},{"damage":3,"enemies":"Snake Plant","floor":28,"turns":7},{"damage":14,"enemies":"Gremlin Leader","floor":29,"turns":7},{"damage":16,"enemies":"Centurion and Healer","floor":30,"turns":7},{"damage":16,"enemies":"Champ","floor":33,"turns":11},{"damage":19,"enemies":"3 Shapes","floor":35,"turns":7},{"damage":13,"enemies":"Orb Walker","floor":38,"turns":7},{"damage":18,"enemies":"Giant Head","floor":40,"turns":12},{"damage":33,"enemies":"Reptomancer","floor":42,"turns":10},{"damage":3,"enemies":"Writhing Mass","floor":45,"turns":9},{"damage":16,"enemies":"Giant Head","floor":46,"turns":11},{"damage":20,"enemies":"Mind Bloom Boss Battle","floor":47,"turns":11},{"damage":30,"enemies":"4 Shapes","floor":48,"turns":6},{"damage":39,"enemies":"Awakened One","floor":50,"turns":13}],"seed_played":"-7035640170347078403","potions_obtained":[{"floor":2,"key":"ElixirPotion"},{"floor":4,"key":"SkillPotion"},{"floor":5,"key":"DistilledChaos"},{"floor":7,"key":"SkillPotion"},{"floor":13,"key":"Weak Potion"},{"floor":16,"key":"Swift Potion"},{"floor":18,"key":"ColorlessPotion"},{"floor":24,"key":"EntropicBrew"},{"floor":29,"key":"Regen Potion"},{"floor":33,"key":"ElixirPotion"},{"floor":38,"key":"Fruit Juice"},{"floor":42,"key":"SpeedPotion"}],"is_trial":false,"path_per_floor":["M","M","M","M","M","R","E","R","T","?","M","$","E","M","R","B",null,"M","M","$","M","?","R","E","R","T","E","M","E","M","?","R","B",null,"M","?","$","M","$","E","R","E","T","R","M","E","?","M","R","B",null],"character_chosen":"IRONCLAD","basemod:card_modifiers":[null,null,null,null,null,null,null,null,null,null,null,null,null,null,null,null,null,null,null,null,null,null,null,null,null,null,null,null,null,null,null,null],"items_purchased":["Metallicize","Blood for Blood","Intimidate","Lee\u0027s Waffle"],"campfire_rested":5,"item_purchase_floors":[12,12,20,37],"current_hp_per_floor":[80,74,72,69,65,65,61,80,80,80,80,80,56,80,80,80,80,78,71,71,71,71,71,31,55,55,42,45,71,76,76,76,83,87,74,74,94,91,91,89,94,80,80,99,99,109,99,86,109,87],"gold":520,"neow_bonus":"ONE_RANDOM_RARE_CARD","is_prod":false,"is_daily":false,"chose_seed":false,"campfire_upgraded":4,"win_rate":0,"timestamp":1679877108,"path_taken":["M","?","M","M","M","R","E","R","T","?","M","$","E","M","R","BOSS","M","M","$","M","?","R","E","R","T","E","?","E","M","?","R","BOSS","M","?","$","?","$","E","R","E","T","R","M","E","?","M","R","BOSS"],"build_version":"2022-12-18","purchased_purges":2,"victory":true,"max_hp_per_floor":[80,80,80,80,80,80,80,80,80,80,80,80,80,80,80,80,80,80,80,80,80,80,80,80,80,80,80,80,87,87,87,87,87,87,87,87,94,94,94,94,94,99,99,99,99,109,109,109,109,109],"card_choices":[{"not_picked":["Sword Boomerang","Headbutt","Dark Embrace"],"picked":"SKIP","floor":1},{"not_picked":["Havoc","Flex"],"picked":"Headbutt","floor":2},{"not_picked":["Wild Strike","Twin Strike"],"picked":"Armaments","floor":3},{"not_picked":["Headbutt","True Grit"],"picked":"Reaper","floor":4},{"not_picked":["Armaments","Infernal Blade"],"picked":"Cleave","floor":5},{"not_picked":["Thunderclap","Sentinel"],"picked":"Impervious","floor":7},{"not_picked":["Clash","Bloodletting"],"picked":"Entrench","floor":8},{"not_picked":["Rupture","Pummel"],"picked":"Feel No Pain","floor":11},{"not_picked":["Fire Breathing","Bloodletting"],"picked":"Spot Weakness","floor":13},{"not_picked":["Flex","Body Slam"],"picked":"Pummel","floor":14},{"not_picked":["Brutality","Bludgeon"],"picked":"Barricade","floor":16},{"not_picked":["Flex","Shrug It Off"],"picked":"Feel No Pain","floor":18},{"not_picked":["Armaments","Flex+1","Thunderclap"],"picked":"SKIP","floor":19},{"not_picked":["Flex","Sword Boomerang+1"],"picked":"Pommel Strike+1","floor":21},{"not_picked":["Double Tap","Carnage"],"picked":"Metallicize","floor":24},{"not_picked":["Second Wind","Heavy Blade"],"picked":"Battle Trance","floor":25},{"not_picked":["Headbutt","Wild Strike+1"],"picked":"Entrench","floor":27},{"not_picked":["Cleave+1","Perfected Strike+1","Flex"],"picked":"SKIP","floor":28},{"not_picked":["Entrench","Berserk"],"picked":"Rupture","floor":29},{"not_picked":["Metallicize","Clothesline","Wild Strike"],"picked":"SKIP","floor":30},{"not_picked":["Anger+1","Dropkick+1","Pommel Strike+1"],"picked":"SKIP","floor":35},{"not_picked":["Cleave","Anger+1","Barricade"],"picked":"SKIP","floor":38},{"not_picked":["Cleave","Barricade"],"picked":"Anger+1","floor":38},{"not_picked":["Wild Strike+1","Iron Wave+1"],"picked":"Offering","floor":40},{"not_picked":["Whirlwind+1","Rampage+1","Sever Soul"],"picked":"SKIP","floor":42},{"not_picked":["Clash+1","Havoc","Clothesline"],"picked":"SKIP","floor":45},{"not_picked":["Clash","Intimidate+1"],"picked":"Heavy Blade+1","floor":46},{"not_picked":["True Grit+1","Bloodletting","Rage+1"],"picked":"SKIP","floor":48}],"player_experience":1334866,"relics_obtained":[{"floor":7,"key":"Dream Catcher"},{"floor":9,"key":"HornCleat"},{"floor":13,"key":"StoneCalendar"},{"floor":24,"key":"Bottled Tornado"},{"floor":26,"key":"Bronze Scales"},{"floor":27,"key":"Nunchaku"},{"floor":29,"key":"Strawberry"},{"floor":40,"key":"Sundial"},{"floor":42,"key":"Oddly Smooth Stone"},{"floor":43,"key":"Akabeko"},{"floor":46,"key":"Pear"},{"floor":47,"key":"Old Coin"}],"event_choices":[{"damage_healed":0,"gold_gain":0,"cards_transformed":["Strike_R"],"player_choice":"Change","damage_taken":0,"max_hp_gain":0,"max_hp_loss":0,"event_name":"Living Wall","floor":10,"gold_loss":0,"cards_obtained":["Burning Pact"]},{"damage_healed":0,"gold_gain":0,"player_choice":"Traded Relic","damage_taken":0,"relics_obtained":["Nloth\u0027s Gift"],"max_hp_gain":0,"max_hp_loss":0,"event_name":"N\u0027loth","floor":22,"relics_lost":["Pandora\u0027s Box"],"gold_loss":0},{"damage_healed":0,"gold_gain":0,"player_choice":"Bet on Murderer","damage_taken":0,"max_hp_gain":0,"max_hp_loss":0,"event_name":"The Joust","floor":31,"gold_loss":50},{"damage_healed":0,"gold_gain":0,"player_choice":"Copied","damage_taken":0,"max_hp_gain":0,"max_hp_loss":0,"event_name":"Duplicator","floor":36,"gold_loss":0,"cards_obtained":["Impervious"]},{"damage_healed":0,"gold_gain":0,"player_choice":"Fight","damage_taken":0,"max_hp_gain":0,"max_hp_loss":0,"event_name":"MindBloom","floor":47,"gold_loss":0}],"is_beta":false,"boss_relics":[{"not_picked":["Busted Crown","Mark of Pain"],"picked":"Pandora\u0027s Box"},{"not_picked":["Black Star","SacredBark"],"picked":"Snecko Eye"}],"items_purged_floors":[12,37],"is_endless":false,"potions_floor_spawned":[2,4,5,7,13,16,18,24,28,29,33,38,42,46,47,48],"ascension_level":1}