{"gold_per_floor":[112,122,134,134,209,234,234,234,234,234,251,283,283,297,297,297],"floor_reached":16,"playtime":465,"items_purged":[],"score":142,"play_id":"3d454ad8-9343-4325-8980-11c05d58fd8d","local_time":"20230324133704","is_ascension_mode":true,"campfire_choices":[{"data":"Infernal Blade","floor":8,"key":"SMITH"},{"floor":10,"key":"REST"},{"data":"Spot Weakness","floor":13,"key":"SMITH"},{"data":"Juggernaut","floor":15,"key":"SMITH"}],"neow_cost":"NONE","seed_source_timestamp":817073476512900,"circlet_count":0,"master_deck":["Strike_R","Strike_R+1","Strike_R","Strike_R","Strike_R","Defend_R","Defend_R","Defend_R","Defend_R+1","Bash","Infernal Blade+1","Anger","Pommel Strike","Sword Boomerang","Cleave","Spot Weakness+1","Juggernaut+1"],"relics":["Burning Blood","NeowsBlessing","HornCleat","Question Card","Potion Belt"],"potions_floor_usage":[6,12],"damage_taken":[{"damage":0,"enemies":"Cultist","floor":1,"turns":1},{"damage":0,"enemies":"Jaw Worm","floor":2,"turns":1},{"damage":0,"enemies":"2 Louse","floor":3,"turns":1},{"damage":35,"enemies":"3 Sentries","floor":6,"turns":9},{"damage":0,"enemies":"2 Fungi Beasts","floor":11,"turns":3},{"damage":0,"enemies":"Gremlin Nob","floor":12,"turns":3},{"damage":11,"enemies":"Exordium Thugs","floor":14,"turns":5},{"damage":61,"enemies":"Slime Boss","floor":16,"turns":8}],"seed_played":"4026898507398960932","potions_obtained":[{"floor":1,"key":"LiquidMemories"},{"floor":11,"key":"ColorlessPotion"}],"is_trial":false,"path_per_floor":["M","M","M","?","?","E","?","R","T","R","M","E","R","M","R","B"],"character_chosen":"IRONCLAD","basemod:card_modifiers":[null,null,null,null,null,null,null,null,null,null,null,null,null,null,null,null,null],"items_purchased":[],"campfire_rested":1,"item_purchase_floors":[],"current_hp_per_floor":[80,80,80,80,69,40,24,24,24,48,54,60,60,55,55,0],"gold":297,"neow_bonus":"THREE_ENEMY_KILL","is_prod":false,"is_daily":false,"chose_seed":false,"campfire_upgraded":3,"win_rate":0,"timestamp":1679679424,"path_taken":["M","M","M","?","?","E","?","R","T","R","M","E","R","M","R","BOSS"],"build_version":"2022-12-18","purchased_purges":0,"victory":false,"max_hp_per_floor":[80,80,80,80,80,80,80,80,80,80,80,80,80,80,80,80],"card_choices":[{"not_picked":["Burning Pact","Havoc"],"picked":"Infernal Blade","floor":1},{"not_picked":["Sentinel","Pommel Strike"],"picked":"Anger","floor":2},{"not_picked":["Dark Embrace","Twin Strike"],"picked":"Pommel Strike","floor":3},{"not_picked":["Dropkick","Twin Strike"],"picked":"Sword Boomerang","floor":6},{"not_picked":["Sword Boomerang","Clothesline","Dual Wield"],"picked":"Cleave","floor":11},{"not_picked":["Warcry","Thunderclap","Rampage"],"picked":"Spot Weakness","floor":12},{"not_picked":["Uppercut","Warcry","Clash"],"picked":"Juggernaut","floor":14}],"player_experience":1325791,"relics_obtained":[{"floor":6,"key":"HornCleat"},{"floor":9,"key":"Question Card"},{"floor":12,"key":"Potion Belt"}],"event_choices":[{"damage_healed":0,"gold_gain":0,"player_choice":"Ignored","damage_taken":0,"max_hp_gain":0,"max_hp_loss":0,"event_name":"Golden Idol","floor":4,"gold_loss":0},{"damage_healed":0,"gold_gain":75,"player_choice":"Gather Gold","damage_taken":11,"max_hp_gain":0,"max_hp_loss":0,"event_name":"World of Goop","floor":5,"gold_loss":0},{"damage_healed":0,"gold_gain":0,"player_choice":"Entered Light","damage_taken":16,"max_hp_gain":0,"max_hp_loss":0,"event_name":"Shining Light","floor":7,"gold_loss":0,"cards_upgraded":["Defend_R","Strike_R"]}],"is_beta":false,"boss_relics":[],"items_purged_floors":[],"is_endless":false,"potions_floor_spawned":[1,11],"killed_by":"Slime Boss","ascension_level":1}