{"gold_per_floor":[117,135,148,158,108,108,134,151,151,169,169,169,19,54,54,155,155,172,172,189,40,54,54,71,104,104,104,115,115],"floor_reached":29,"playtime":1245,"items_purged":["Strike_R"],"score":283,"play_id":"c248a4c1-dcb9-4e14-8b1a-0e39e23535c7","local_time":"20230327104218","is_ascension_mode":true,"campfire_choices":[{"data":"Bash","floor":6,"key":"SMITH"},{"floor":12,"key":"REST"},{"floor":15,"key":"REST"},{"floor":23,"key":"REST"},{"floor":27,"key":"REST"}],"neow_cost":"NONE","seed_source_timestamp":1065015375004899,"circlet_count":0,"master_deck":["Strike_R","Strike_R","Strike_R","Defend_R","Defend_R","Defend_R","Bash+1","Dropkick","Second Wind","Flame Barrier","Thunderclap","Brutality","Evolve","Disarm","Hemokinesis","Immolate","Sentinel","Apotheosis","Uppercut+1","Feel No Pain","Exhume","Dark Embrace","Ghostly Armor"],"relics":["Burning Blood","Ancient Tea Set","Singing Bowl","Membership Card","Question Card","Runic Cube","Pantograph","Art of War"],"potions_floor_usage":[4,7,14,16,18,22,25],"damage_taken":[{"damage":13,"enemies":"Jaw Worm","floor":1,"turns":5},{"damage":1,"enemies":"Cultist","floor":2,"turns":3},{"damage":5,"enemies":"Small Slimes","floor":3,"turns":3},{"damage":0,"enemies":"2 Fungi Beasts","floor":4,"turns":3},{"damage":25,"enemies":"Lagavulin","floor":7,"turns":7},{"damage":20,"enemies":"Large Slime","floor":8,"turns":4},{"damage":11,"enemies":"Blue Slaver","floor":10,"turns":4},{"damage":18,"enemies":"Gremlin Nob","floor":14,"turns":4},{"damage":43,"enemies":"Hexaghost","floor":16,"turns":10},{"damage":46,"enemies":"Shell Parasite","floor":18,"turns":7},{"damage":2,"enemies":"3 Byrds","floor":20,"turns":3},{"damage":20,"enemies":"Centurion and Healer","floor":22,"turns":8},{"damage":11,"enemies":"Snecko","floor":24,"turns":4},{"damage":50,"enemies":"Slavers","floor":25,"turns":5},{"damage":21,"enemies":"Snake Plant","floor":28,"turns":3},{"damage":54,"enemies":"Gremlin Leader","floor":29,"turns":6}],"seed_played":"-51845331751811371","potions_obtained":[{"floor":0,"key":"FairyPotion"},{"floor":0,"key":"Strength Potion"},{"floor":0,"key":"DistilledChaos"},{"floor":8,"key":"Strength Potion"},{"floor":14,"key":"Dexterity Potion"},{"floor":16,"key":"Weak Potion"},{"floor":18,"key":"Dexterity Potion"},{"floor":24,"key":"ElixirPotion"}],"is_trial":false,"path_per_floor":["M","M","M","M","?","R","E","M","T","M","?","R","$","E","R","B",null,"M","?","M","$","M","R","M","E","T","R","M","E"],"character_chosen":"IRONCLAD","basemod:card_modifiers":[null,null,null,null,null,null,null,null,null,null,null,null,null,null,null,null,null,null,null,null,null,null,null],"items_purchased":["Membership Card","Feel No Pain","Exhume"],"campfire_rested":4,"item_purchase_floors":[13,21,21],"current_hp_per_floor":[73,78,79,80,80,80,61,47,47,42,35,59,59,47,71,34,80,40,40,44,44,30,54,51,9,9,34,19,0],"gold":115,"neow_bonus":"THREE_SMALL_POTIONS","is_prod":false,"is_daily":false,"chose_seed":false,"campfire_upgraded":1,"win_rate":0,"timestamp":1679928138,"path_taken":["M","M","M","M","?","R","E","M","T","M","?","R","$","E","R","BOSS","M","?","M","$","M","R","M","E","T","R","M","E"],"build_version":"2022-12-18","purchased_purges":1,"victory":false,"max_hp_per_floor":[80,80,80,80,80,80,80,80,80,80,80,80,80,80,80,80,80,80,80,80,80,80,80,82,84,84,84,84,84],"card_choices":[{"not_picked":["Bloodletting","Pommel Strike"],"picked":"Dropkick","floor":1},{"not_picked":["Iron Wave","Sever Soul"],"picked":"Second Wind","floor":2},{"not_picked":["Clash","Body Slam"],"picked":"Flame Barrier","floor":3},{"not_picked":["Armaments","Clash"],"picked":"Thunderclap","floor":4},{"not_picked":["Perfected Strike","Cleave"],"picked":"Brutality","floor":7},{"not_picked":["Sword Boomerang","Burning Pact"],"picked":"Evolve","floor":8},{"not_picked":["Anger","Clothesline"],"picked":"Disarm","floor":10},{"not_picked":["Headbutt","True Grit"],"picked":"Hemokinesis","floor":14},{"not_picked":["Exhume","Berserk","Double Tap"],"picked":"Immolate","floor":16},{"not_picked":["Shrug It Off","Metallicize","Sword Boomerang+1"],"picked":"Sentinel","floor":18},{"not_picked":["Shrug It Off","Thunderclap","Infernal Blade+1"],"picked":"Uppercut+1","floor":20},{"not_picked":["Headbutt","Havoc","Sword Boomerang+1"],"picked":"Dark Embrace","floor":22},{"not_picked":["Cleave","Clash","Fire Breathing","Pummel"],"picked":"Singing Bowl","floor":24},{"not_picked":["Thunderclap","Dual Wield+1","Shrug It Off","True Grit"],"picked":"Singing Bowl","floor":25},{"not_picked":["Shockwave","Entrench","Thunderclap"],"picked":"Ghostly Armor","floor":28}],"player_experience":1338111,"relics_obtained":[{"floor":7,"key":"Ancient Tea Set"},{"floor":9,"key":"Singing Bowl"},{"floor":14,"key":"Question Card"},{"floor":25,"key":"Pantograph"},{"floor":26,"key":"Art of War"}],"event_choices":[{"cards_removed":["Defend_R"],"damage_healed":0,"gold_gain":0,"player_choice":"Card Removal","damage_taken":0,"max_hp_gain":0,"max_hp_loss":0,"event_name":"The Cleric","floor":5,"gold_loss":50},{"cards_removed":["Strike_R"],"damage_healed":0,"gold_gain":0,"player_choice":"Card Removal","damage_taken":7,"max_hp_gain":0,"max_hp_loss":0,"event_name":"Golden Wing","floor":11,"gold_loss":0},{"cards_removed":["Disarm"],"damage_healed":0,"gold_gain":0,"player_choice":"Take \u0026 Give","damage_taken":0,"max_hp_gain":0,"max_hp_loss":0,"event_name":"betterNote:BetterNote","floor":19,"gold_loss":0,"cards_obtained":["Apotheosis"]}],"is_beta":false,"boss_relics":[{"not_picked":["Black Blood","Cursed Key"],"picked":"Runic Cube"}],"items_purged_floors":[21],"is_endless":false,"potions_floor_spawned":[3,8,14,16,18,24],"killed_by":"Gremlin Leader","ascension_level":2}