{"gold_per_floor":[115,127,11,21,34,69,82,82,82,110,125,151,36,36,36,136,136,149,149,109,41,57,86,86,119,119,147,147,147,59,59,59,59],"floor_reached":33,"playtime":5946,"items_purged":["Defend_R"],"score":353,"play_id":"2dc93509-9f22-4a20-937a-56485aaa60cd","local_time":"20230327132230","is_ascension_mode":true,"campfire_choices":[{"data":"Rage","floor":8,"key":"SMITH"},{"floor":15,"key":"REST"},{"floor":24,"key":"REST"},{"data":"Searing Blow+1","floor":28,"key":"SMITH"},{"data":"Searing Blow+2","floor":29,"key":"SMITH"},{"floor":32,"key":"REST"}],"neow_cost":"NONE","seed_source_timestamp":1066501145861300,"circlet_count":0,"master_deck":["Strike_R","Strike_R","Strike_R","Defend_R","Defend_R","Bash","Anger","Cleave","Disarm","Sword Boomerang","Combust","Fiend Fire","Burning Pact","Rage+1","Flame Barrier","Rupture","Ghostly Armor","Rampage","Exhume","Blood for Blood+1","Searing Blow+3","Seeing Red+1","Body Slam+1","Disarm","Metallicize","Power Through","Metallicize","Shockwave","Trip","J.A.X."],"relics":["Burning Blood","NeowsBlessing","Boot","Paper Frog","Juzu Bracelet","WingedGreaves","Red Skull","Astrolabe","PreservedInsect","Calipers","Pear","Bottled Flame"],"potions_floor_usage":[6,6,7,10,12,12,16,23,23,23,23,23,23,33,33],"damage_taken":[{"damage":0,"enemies":"Cultist","floor":1,"turns":1},{"damage":0,"enemies":"Jaw Worm","floor":2,"turns":1},{"damage":0,"enemies":"Small Slimes","floor":4,"turns":1},{"damage":8,"enemies":"Looter","floor":5,"turns":4},{"damage":29,"enemies":"Gremlin Nob","floor":6,"turns":4},{"damage":10,"enemies":"Exordium Thugs","floor":7,"turns":3},{"damage":15,"enemies":"3 Sentries","floor":10,"turns":4},{"damage":12,"enemies":"Lots of Slimes","floor":11,"turns":2},{"damage":22,"enemies":"Gremlin Nob","floor":12,"turns":4},{"damage":37,"enemies":"Slime Boss","floor":16,"turns":7},{"damage":25,"enemies":"Spheric Guardian","floor":18,"turns":4},{"damage":26,"enemies":"Shell Parasite","floor":22,"turns":5},{"damage":16,"enemies":"Slavers","floor":23,"turns":4},{"damage":20,"enemies":"Gremlin Leader","floor":25,"turns":5},{"damage":28,"enemies":"Book of Stabbing","floor":27,"turns":7},{"damage":61,"enemies":"Automaton","floor":33,"turns":8}],"seed_played":"-42459486395416399","potions_obtained":[{"floor":4,"key":"EntropicBrew"},{"floor":5,"key":"LiquidMemories"},{"floor":11,"key":"Weak Potion"},{"floor":12,"key":"SkillPotion"},{"floor":20,"key":"LiquidBronze"},{"floor":20,"key":"LiquidBronze"},{"floor":20,"key":"EntropicBrew"},{"floor":25,"key":"Strength Potion"},{"floor":27,"key":"Explosive Potion"}],"is_trial":false,"path_per_floor":["M","M","$","M","M","E","M","R","T","E","M","E","$","T","R","B",null,"M","?","?","$","M","E","R","E","T","E","R","R","$","?","R","B"],"character_chosen":"IRONCLAD","basemod:card_modifiers":[null,null,null,null,null,null,null,null,null,null,null,null,null,null,null,null,null,null,null,null,null,null,null,null,null,null,null,null,null,null],"items_purchased":["Disarm","Sword Boomerang","Rampage","Metallicize","Trip"],"campfire_rested":3,"item_purchase_floors":[3,3,13,21,30],"current_hp_per_floor":[80,80,80,80,78,55,51,51,51,42,36,20,20,20,44,13,80,61,61,61,61,41,31,55,41,51,29,29,29,29,29,56,0],"gold":59,"neow_bonus":"THREE_ENEMY_KILL","is_prod":false,"is_daily":false,"chose_seed":false,"campfire_upgraded":3,"win_rate":0,"timestamp":1679937750,"path_taken":["M","M","$","M","M","E","M","R","T","E","M","E","$","?","R","BOSS","M","?","?","?","M","E","R","E","T","E","R","R","$","?","R","BOSS"],"build_version":"2022-12-18","purchased_purges":1,"victory":false,"max_hp_per_floor":[80,80,80,80,80,80,80,80,80,80,80,80,80,80,80,80,80,80,80,80,80,80,80,80,80,90,90,90,90,90,90,90,90],"card_choices":[{"not_picked":["Clash","True Grit"],"picked":"Anger","floor":1},{"not_picked":["Entrench","Ghostly Armor"],"picked":"Cleave","floor":2},{"not_picked":["Dropkick","Iron Wave"],"picked":"Combust","floor":4},{"not_picked":["Seeing Red","Havoc"],"picked":"Fiend Fire","floor":5},{"not_picked":["Dark Embrace","Pommel Strike"],"picked":"Burning Pact","floor":6},{"not_picked":["Flex","Dual Wield"],"picked":"Rage","floor":7},{"not_picked":["Havoc","Flex"],"picked":"Flame Barrier","floor":10},{"not_picked":["Clash","Feed"],"picked":"Rupture","floor":11},{"not_picked":["Inflame","Anger"],"picked":"Ghostly Armor","floor":12},{"not_picked":["Double Tap","Fiend Fire"],"picked":"Exhume","floor":16},{"not_picked":["Sword Boomerang","Clothesline"],"picked":"Body Slam+1","floor":18},{"not_picked":["True Grit","Iron Wave"],"picked":"Power Through","floor":22},{"not_picked":["Reckless Charge","Inflame"],"picked":"Metallicize","floor":23},{"not_picked":["Flex","Sword Boomerang","Heavy Blade"],"picked":"SKIP","floor":25},{"not_picked":["Wild Strike","Clothesline"],"picked":"Shockwave","floor":27}],"player_experience":1339574,"relics_obtained":[{"floor":6,"key":"Boot"},{"floor":9,"key":"Paper Frog"},{"floor":10,"key":"Juzu Bracelet"},{"floor":12,"key":"WingedGreaves"},{"floor":14,"key":"Red Skull"},{"floor":23,"key":"PreservedInsect"},{"floor":25,"key":"Calipers"},{"floor":26,"key":"Pear"},{"floor":27,"key":"Bottled Flame"}],"event_choices":[{"cards_removed":["Disarm"],"damage_healed":0,"gold_gain":0,"player_choice":"Take \u0026 Give","damage_taken":0,"max_hp_gain":0,"max_hp_loss":0,"event_name":"betterNote:BetterNote","floor":19,"gold_loss":0,"cards_obtained":["Disarm"]},{"damage_healed":0,"gold_gain":0,"player_choice":"Bought 3 Potions","damage_taken":0,"max_hp_gain":0,"max_hp_loss":0,"event_name":"The Woman in Blue","floor":20,"gold_loss":0},{"damage_healed":0,"gold_gain":0,"player_choice":"Obtain J.A.X.","damage_taken":0,"max_hp_gain":0,"max_hp_loss":0,"event_name":"Drug Dealer","floor":31,"gold_loss":0,"cards_obtained":["J.A.X."]}],"is_beta":false,"boss_relics":[{"not_picked":["Black Blood","Empty Cage"],"picked":"Astrolabe"}],"items_purged_floors":[13],"is_endless":false,"potions_floor_spawned":[4,5,6,11,12,22,25,27],"killed_by":"Automaton","ascension_level":2}