{"gold_per_floor":[119,136,56,73,73,73,92,92,115,143,155,175,191,205,205,309,309,327,47,58,58,78,105,105,122,176,187,187,198,41,74,74,170,170,187,207,222,276,276,301,301,315,389,55,67,86,118,133,133,133],"floor_reached":51,"playtime":13618,"items_purged":["Defend_R"],"score":807,"play_id":"0db07578-c2a7-4e2f-b02c-87cb90ae7422","local_time":"20230323110327","is_ascension_mode":false,"campfire_choices":[{"data":"Carnage","floor":6,"key":"SMITH"},{"floor":15,"key":"REST"},{"floor":24,"key":"REST"},{"floor":28,"key":"REST"},{"floor":32,"key":"REST"},{"floor":41,"key":"REST"},{"floor":49,"key":"REST"}],"neow_cost":"NONE","seed_source_timestamp":650048414657900,"circlet_count":0,"master_deck":["Strike_R+1","Strike_R","Strike_R+1","Strike_R","Defend_R+1","Defend_R","Bash","Limit Break+1","Thunderclap","Wild Strike","Carnage+1","Sentinel","Disarm","Impervious","Cleave","Disarm","PanicButton+1","Rage","Pommel Strike","Shrug It Off","Flex+1","Body Slam+1","Flex+1","Battle Trance+1","Offering","Inflame+1","Exhume+1","Headbutt+1","Pummel+1","Heavy Blade+1","Limit Break"],"relics":["Burning Blood","Boot","Oddly Smooth Stone","Matryoshka","Fusion Hammer","Anchor","Gambling Chip","War Paint","Pen Nib","Brimstone","Happy Flower","Astrolabe","FossilizedHelix","Akabeko","Whetstone","InkBottle","Question Card","Shuriken"],"potions_floor_usage":[10,14,16,23,31,31,31,31,31,33,33,50],"damage_taken":[{"damage":0,"enemies":"2 Louse","floor":1,"turns":3},{"damage":6,"enemies":"Small Slimes","floor":2,"turns":4},{"damage":0,"enemies":"Cultist","floor":4,"turns":2},{"damage":9,"enemies":"Gremlin Gang","floor":7,"turns":4},{"damage":16,"enemies":"Gremlin Nob","floor":10,"turns":3},{"damage":4,"enemies":"Looter","floor":11,"turns":2},{"damage":8,"enemies":"Blue Slaver","floor":12,"turns":3},{"damage":0,"enemies":"Large Slime","floor":13,"turns":4},{"damage":13,"enemies":"Exordium Wildlife","floor":14,"turns":4},{"damage":26,"enemies":"Slime Boss","floor":16,"turns":12},{"damage":20,"enemies":"3 Byrds","floor":18,"turns":6},{"damage":12,"enemies":"Shell Parasite","floor":20,"turns":6},{"damage":39,"enemies":"Sentry and Sphere","floor":22,"turns":6},{"damage":10,"enemies":"Book of Stabbing","floor":23,"turns":9},{"damage":5,"enemies":"Snake Plant","floor":25,"turns":4},{"damage":2,"enemies":"Cultist and Chosen","floor":27,"turns":6},{"damage":7,"enemies":"3 Cultists","floor":29,"turns":5},{"damage":15,"enemies":"Slavers","floor":31,"turns":5},{"damage":19,"enemies":"Champ","floor":33,"turns":6},{"damage":4,"enemies":"3 Shapes","floor":35,"turns":3},{"damage":6,"enemies":"3 Darklings","floor":36,"turns":2},{"damage":7,"enemies":"4 Shapes","floor":37,"turns":4},{"damage":6,"enemies":"2 Orb Walkers","floor":38,"turns":3},{"damage":0,"enemies":"Reptomancer","floor":40,"turns":3},{"damage":0,"enemies":"Spire Growth","floor":42,"turns":2},{"damage":0,"enemies":"Writhing Mass","floor":45,"turns":2},{"damage":0,"enemies":"Sphere and 2 Shapes","floor":46,"turns":3},{"damage":34,"enemies":"Nemesis","floor":47,"turns":5},{"damage":5,"enemies":"4 Shapes","floor":48,"turns":4},{"damage":0,"enemies":"Donu and Deca","floor":50,"turns":3}],"seed_played":"-5525664817474622518","potions_obtained":[{"floor":2,"key":"PowerPotion"},{"floor":4,"key":"ElixirPotion"},{"floor":10,"key":"Energy Potion"},{"floor":14,"key":"SneckoOil"},{"floor":16,"key":"PowerPotion"},{"floor":20,"key":"EntropicBrew"},{"floor":21,"key":"GamblersBrew"},{"floor":23,"key":"SkillPotion"},{"floor":31,"key":"Explosive Potion"},{"floor":36,"key":"Weak Potion"},{"floor":40,"key":"BlessingOfTheForge"},{"floor":42,"key":"Fire Potion"}],"is_trial":false,"path_per_floor":["M","M","$","M","?","R","M","?","T","E","M","M","M","M","R","B",null,"M","$","M","?","M","E","R","M","T","M","R","M","$","E","R","B",null,"M","M","M","?","?","E","R","M","T","$","M","M","E","M","R","B",null],"character_chosen":"IRONCLAD","basemod:card_modifiers":[null,null,null,null,null,null,null,null,null,null,null,null,null,null,null,null,null,null,null,null,null,null,null,null,null,null,null,null,null,null,null],"items_purchased":["Carnage","PanicButton","Anchor","Rage","Brimstone","Question Card"],"campfire_rested":6,"item_purchase_floors":[3,19,19,19,30,44],"current_hp_per_floor":[80,80,80,80,73,73,70,54,54,44,46,44,50,43,67,47,80,66,66,60,60,27,23,47,48,48,52,76,75,75,66,80,67,80,80,80,79,79,79,80,80,80,80,80,80,80,52,53,77,80],"gold":133,"neow_bonus":"ONE_RANDOM_RARE_CARD","is_prod":false,"is_daily":false,"chose_seed":false,"campfire_upgraded":1,"win_rate":0,"timestamp":1679583807,"path_taken":["M","M","$","M","?","R","M","?","T","E","M","M","M","M","R","BOSS","M","$","M","?","M","E","R","M","T","M","R","M","$","E","R","BOSS","M","M","M","?","?","E","R","M","T","$","M","M","E","M","R","BOSS"],"build_version":"2022-12-18","purchased_purges":1,"victory":true,"max_hp_per_floor":[80,80,80,80,80,80,80,80,80,80,80,80,80,80,80,80,80,80,80,80,80,80,80,80,80,80,80,80,80,80,80,80,80,80,80,80,80,80,80,80,80,80,80,80,80,80,80,80,80,80],"card_choices":[{"not_picked":["Sword Boomerang","Entrench"],"picked":"Thunderclap","floor":1},{"not_picked":["Dual Wield","Heavy Blade"],"picked":"Wild Strike","floor":2},{"not_picked":["Clothesline","Clash"],"picked":"Sentinel","floor":4},{"not_picked":["Anger","Heavy Blade"],"picked":"Disarm","floor":7},{"not_picked":["Second Wind","Sever Soul"],"picked":"Impervious","floor":10},{"not_picked":["Headbutt","Whirlwind"],"picked":"Cleave","floor":11},{"not_picked":["Intimidate","Heavy Blade"],"picked":"Disarm","floor":12},{"not_picked":["Pommel Strike","Limit Break","Wild Strike"],"picked":"SKIP","floor":13},{"not_picked":["Clash","Carnage","Heavy Blade"],"picked":"SKIP","floor":14},{"not_picked":["Brutality","Feed"],"picked":"Demon Form","floor":16},{"not_picked":["Seeing Red","Intimidate","Thunderclap"],"picked":"SKIP","floor":18},{"not_picked":["Thunderclap","Evolve"],"picked":"Pommel Strike","floor":20},{"not_picked":["Feel No Pain+1","Blood for Blood","Thunderclap"],"picked":"SKIP","floor":22},{"not_picked":["Reckless Charge","Dropkick"],"picked":"Shrug It Off","floor":23},{"not_picked":["Reckless Charge","Wild Strike"],"picked":"Flex+1","floor":25},{"not_picked":["Power Through","Thunderclap"],"picked":"Body Slam","floor":27},{"not_picked":["Wild Strike","Headbutt"],"picked":"Flex+1","floor":29},{"not_picked":["Power Through","True Grit"],"picked":"Battle Trance+1","floor":31},{"not_picked":["Corruption","Bludgeon"],"picked":"Offering","floor":33},{"not_picked":["Havoc+1","Dual Wield+1","Iron Wave"],"picked":"SKIP","floor":35},{"not_picked":["Wild Strike+1","Fire Breathing"],"picked":"Pummel","floor":36},{"not_picked":["Body Slam","Thunderclap"],"picked":"Heavy Blade+1","floor":37},{"not_picked":["Seeing Red","Iron Wave+1"],"picked":"Limit Break","floor":40},{"not_picked":["Clash+1","Shrug It Off","Twin Strike"],"picked":"SKIP","floor":42},{"not_picked":["Feel No Pain","Shrug It Off","Uppercut+1","Thunderclap+1"],"picked":"SKIP","floor":45},{"not_picked":["Infernal Blade+1","Iron Wave+1","Burning Pact+1","Havoc+1"],"picked":"SKIP","floor":46},{"not_picked":["Power Through+1","Whirlwind","Rupture","Warcry"],"picked":"SKIP","floor":47},{"not_picked":["Pummel","Second Wind","Dropkick+1","Anger+1"],"picked":"SKIP","floor":48}],"player_experience":1305886,"relics_obtained":[{"floor":9,"key":"Oddly Smooth Stone"},{"floor":10,"key":"Matryoshka"},{"floor":23,"key":"Gambling Chip"},{"floor":26,"key":"War Paint"},{"floor":26,"key":"Pen Nib"},{"floor":31,"key":"Happy Flower"},{"floor":38,"key":"FossilizedHelix"},{"floor":40,"key":"Akabeko"},{"floor":43,"key":"Whetstone"},{"floor":43,"key":"InkBottle"},{"floor":47,"key":"Shuriken"}],"event_choices":[{"damage_healed":0,"gold_gain":0,"player_choice":"Success","damage_taken":7,"relics_obtained":["Boot"],"max_hp_gain":0,"max_hp_loss":0,"event_name":"Scrap Ooze","floor":5,"gold_loss":0},{"damage_healed":0,"gold_gain":0,"player_choice":"Entered Light","damage_taken":16,"max_hp_gain":0,"max_hp_loss":0,"event_name":"Shining Light","floor":8,"gold_loss":0,"cards_upgraded":["Limit Break","Strike_R"]},{"damage_healed":0,"gold_gain":0,"player_choice":"Got Potions","damage_taken":0,"max_hp_gain":0,"max_hp_loss":0,"event_name":"Lab","floor":21,"gold_loss":0},{"damage_healed":0,"gold_gain":0,"player_choice":"Fight","damage_taken":0,"max_hp_gain":0,"max_hp_loss":0,"event_name":"Mysterious Sphere","floor":38,"gold_loss":0},{"damage_healed":0,"gold_gain":0,"player_choice":"Forge","damage_taken":0,"max_hp_gain":0,"max_hp_loss":0,"event_name":"Accursed Blacksmith","floor":39,"gold_loss":0,"cards_upgraded":["Body Slam"]}],"is_beta":false,"boss_relics":[{"not_picked":["Snecko Eye","Ectoplasm"],"picked":"Fusion Hammer"},{"not_picked":["SlaversCollar","Runic Dome"],"picked":"Astrolabe"}],"items_purged_floors":[44],"is_endless":false,"potions_floor_spawned":[2,4,10,14,16,20,22,23,29,31,36,40,42,45,46,48],"ascension_level":0}