{
  "gold_per_floor": [
    113, 113, 73, 87, 12, 12, 48, 48, 48, 48, 71, 114, 139, 139, 139, 264, 264,
    277, 297, 310, 85, 85, 85
  ],
  "floor_reached": 23,
  "playtime": 745,
  "items_purged": ["Strike_R"],
  "score": 244,
  "play_id": "62974e5b-065c-4a64-b349-0c0f5aa4987a",
  "local_time": "20230327133512",
  "is_ascension_mode": true,
  "campfire_choices": [
    { "data": "Armaments", "floor": 6, "key": "SMITH" },
    { "data": "True Grit", "floor": 8, "key": "SMITH" },
    { "floor": 10, "key": "REST" },
    { "data": "Uppercut", "floor": 15, "key": "SMITH" }
  ],
  "neow_cost": "PERCENT_DAMAGE",
  "seed_source_timestamp": 1075891500072400,
  "circlet_count": 0,
  "master_deck": [
    "Strike_R",
    "Strike_R",
    "Strike_R",
    "Strike_R",
    "Defend_R",
    "Defend_R",
    "Bash",
    "Headbutt",
    "Wild Strike",
    "Shrug It Off",
    "Carnage",
    "Armaments+1",
    "True Grit+1",
    "Second Wind",
    "Shrug It Off",
    "Uppercut+1",
    "Immolate",
    "Rage+1",
    "Combust",
    "Apotheosis",
    "Cleave",
    "Rage+1"
  ],
  "relics": [
    "Burning Blood",
    "Golden Idol",
    "StrikeDummy",
    "Ornamental Fan",
    "Tiny Chest",
    "Odd Mushroom",
    "Runic Pyramid"
  ],
  "potions_floor_usage": [12, 16, 19],
  "damage_taken": [
    { "damage": 0, "enemies": "Cultist", "floor": 1, "turns": 2 },
    { "damage": 0, "enemies": "Small Slimes", "floor": 4, "turns": 3 },
    { "damage": 22, "enemies": "Lagavulin", "floor": 7, "turns": 7 },
    { "damage": 1, "enemies": "2 Louse", "floor": 11, "turns": 2 },
    { "damage": 0, "enemies": "Gremlin Nob", "floor": 12, "turns": 2 },
    { "damage": 2, "enemies": "The Mushroom Lair", "floor": 13, "turns": 4 },
    { "damage": 44, "enemies": "Hexaghost", "floor": 16, "turns": 8 },
    { "damage": 28, "enemies": "Shell Parasite", "floor": 18, "turns": 7 },
    { "damage": 27, "enemies": "3 Byrds", "floor": 19, "turns": 5 },
    {
      "damage": 18,
      "enemies": "Centurion and Healer",
      "floor": 20,
      "turns": 5
    },
    { "damage": 32, "enemies": "Slavers", "floor": 23, "turns": 2 }
  ],
  "seed_played": "-3193350226046561388",
  "potions_obtained": [
    { "floor": 7, "key": "Strength Potion" },
    { "floor": 11, "key": "LiquidBronze" },
    { "floor": 16, "key": "Weak Potion" }
  ],
  "is_trial": false,
  "path_per_floor": [
    "M",
    "?",
    "$",
    "M",
    "$",
    "R",
    "E",
    "R",
    "T",
    "R",
    "M",
    "E",
    "?",
    "?",
    "R",
    "B",
    null,
    "M",
    "M",
    "M",
    "$",
    "?",
    "E"
  ],
  "character_chosen": "IRONCLAD",
  "basemod:card_modifiers": [
    null,
    null,
    null,
    null,
    null,
    null,
    null,
    null,
    null,
    null,
    null,
    null,
    null,
    null,
    null,
    null,
    null,
    null,
    null,
    null,
    null,
    null
  ],
  "items_purchased": ["Carnage", "Apotheosis", "Cleave"],
  "campfire_rested": 1,
  "item_purchase_floors": [3, 21, 21],
  "current_hp_per_floor": [
    62, 42, 42, 48, 48, 48, 32, 32, 32, 56, 61, 67, 71, 76, 76, 38, 85, 63, 42,
    30, 30, 30, 0
  ],
  "gold": 85,
  "neow_bonus": "TRANSFORM_TWO_CARDS",
  "is_prod": false,
  "is_daily": false,
  "chose_seed": false,
  "campfire_upgraded": 3,
  "win_rate": 0,
  "timestamp": 1679938512,
  "path_taken": [
    "M",
    "?",
    "$",
    "M",
    "$",
    "R",
    "E",
    "R",
    "T",
    "R",
    "M",
    "E",
    "?",
    "?",
    "R",
    "BOSS",
    "M",
    "M",
    "M",
    "$",
    "?",
    "E"
  ],
  "build_version": "2022-12-18",
  "purchased_purges": 1,
  "victory": false,
  "max_hp_per_floor": [
    80, 80, 80, 80, 80, 80, 80, 80, 80, 80, 80, 80, 80, 85, 85, 85, 85, 85, 85,
    85, 85, 85, 85
  ],
  "card_choices": [
    {
      "not_picked": ["Pommel Strike", "Twin Strike"],
      "picked": "Shrug It Off",
      "floor": 1
    },
    {
      "not_picked": ["Body Slam", "Bloodletting"],
      "picked": "Armaments",
      "floor": 4
    },
    {
      "not_picked": ["Heavy Blade", "Intimidate"],
      "picked": "True Grit",
      "floor": 7
    },
    {
      "not_picked": ["Wild Strike", "Uppercut"],
      "picked": "Second Wind",
      "floor": 11
    },
    {
      "not_picked": ["Searing Blow", "Heavy Blade"],
      "picked": "Shrug It Off",
      "floor": 12
    },
    {
      "not_picked": ["Seeing Red", "Metallicize"],
      "picked": "Uppercut",
      "floor": 13
    },
    {
      "not_picked": ["Bludgeon", "Barricade"],
      "picked": "Immolate",
      "floor": 16
    },
    {
      "not_picked": ["Fire Breathing+1", "Heavy Blade+1", "Headbutt"],
      "picked": "SKIP",
      "floor": 18
    },
    {
      "not_picked": ["Twin Strike", "Wild Strike"],
      "picked": "Rage+1",
      "floor": 19
    },
    {
      "not_picked": ["Wild Strike", "Clothesline"],
      "picked": "Combust",
      "floor": 20
    }
  ],
  "player_experience": 1345520,
  "relics_obtained": [
    { "floor": 7, "key": "StrikeDummy" },
    { "floor": 9, "key": "Ornamental Fan" },
    { "floor": 12, "key": "Tiny Chest" },
    { "floor": 13, "key": "Odd Mushroom" }
  ],
  "event_choices": [
    {
      "damage_healed": 0,
      "gold_gain": 0,
      "player_choice": "Take Damage",
      "damage_taken": 20,
      "relics_obtained": ["Golden Idol"],
      "max_hp_gain": 0,
      "max_hp_loss": 0,
      "event_name": "Golden Idol",
      "floor": 2,
      "gold_loss": 0
    },
    {
      "damage_healed": 0,
      "gold_gain": 0,
      "player_choice": "Fought Mushrooms",
      "damage_taken": 0,
      "max_hp_gain": 0,
      "max_hp_loss": 0,
      "event_name": "Mushrooms",
      "floor": 13,
      "gold_loss": 0
    },
    {
      "damage_healed": 0,
      "gold_gain": 0,
      "player_choice": "Donut",
      "damage_taken": 0,
      "max_hp_gain": 5,
      "max_hp_loss": 0,
      "event_name": "Big Fish",
      "floor": 14,
      "gold_loss": 0
    },
    {
      "damage_healed": 0,
      "gold_gain": 0,
      "player_choice": "Copied",
      "damage_taken": 0,
      "max_hp_gain": 0,
      "max_hp_loss": 0,
      "event_name": "Duplicator",
      "floor": 22,
      "gold_loss": 0,
      "cards_obtained": ["Rage"]
    }
  ],
  "is_beta": false,
  "boss_relics": [
    { "not_picked": ["Black Blood", "Mark of Pain"], "picked": "Runic Pyramid" }
  ],
  "items_purged_floors": [5],
  "is_endless": false,
  "potions_floor_spawned": [7, 11, 16],
  "killed_by": "Slavers",
  "ascension_level": 2
}
