{"gold_per_floor":[117,129,129,140,215,247,259,259,259,259,269,283,283,301,301,403,403,420,370,165,176,187,187,221,221,244,244,279,329,346,396],"floor_reached":31,"playtime":1194,"items_purged":["Strike_R"],"score":291,"play_id":"3dd0304f-dde3-4a0f-85a6-789c2d8b2ff2","local_time":"20230326193723","is_ascension_mode":true,"campfire_choices":[{"data":"True Grit","floor":8,"key":"SMITH"},{"data":"Bash","floor":10,"key":"SMITH"},{"data":"Warcry","floor":13,"key":"SMITH"},{"data":"Inflame","floor":15,"key":"SMITH"},{"data":"Limit Break","floor":23,"key":"SMITH"},{"data":"Body Slam","floor":27,"key":"SMITH"}],"neow_cost":"NONE","seed_source_timestamp":1010769620605200,"circlet_count":0,"master_deck":["Strike_R","Strike_R","Strike_R","Strike_R","Defend_R","Defend_R","Defend_R","Defend_R","Bash+1","Sever Soul","Thunderclap","True Grit+1","Inflame+1","Flame Barrier","Reaper","Warcry+1","Carnage","Limit Break+1","Blood for Blood","Dark Embrace","Havoc","Cleave+1","Body Slam+1","Headbutt","Feed"],"relics":["Burning Blood","NeowsBlessing","Dead Branch","Torii","SlaversCollar","Magic Flower","SsserpentHead","Art of War","Lantern","Singing Bowl"],"potions_floor_usage":[6,11,16,16,22,24,28,31],"damage_taken":[{"damage":0,"enemies":"Cultist","floor":1,"turns":1},{"damage":0,"enemies":"Jaw Worm","floor":2,"turns":1},{"damage":0,"enemies":"2 Louse","floor":4,"turns":1},{"damage":14,"enemies":"Gremlin Nob","floor":6,"turns":3},{"damage":7,"enemies":"Blue Slaver","floor":7,"turns":3},{"damage":1,"enemies":"2 Fungi Beasts","floor":11,"turns":4},{"damage":2,"enemies":"3 Louse","floor":12,"turns":2},{"damage":8,"enemies":"Exordium Wildlife","floor":14,"turns":4},{"damage":20,"enemies":"Hexaghost","floor":16,"turns":10},{"damage":29,"enemies":"Shell Parasite","floor":18,"turns":8},{"damage":13,"enemies":"Spheric Guardian","floor":21,"turns":4},{"damage":27,"enemies":"Centurion and Healer","floor":22,"turns":9},{"damage":46,"enemies":"Slavers","floor":24,"turns":6},{"damage":33,"enemies":"Book of Stabbing","floor":28,"turns":5},{"damage":7,"enemies":"3 Cultists","floor":30,"turns":5},{"damage":37,"enemies":"Cultist and Chosen","floor":31,"turns":5}],"seed_played":"1258454272111323253","potions_obtained":[{"floor":1,"key":"CultistPotion"},{"floor":4,"key":"Fire Potion"},{"floor":12,"key":"Weak Potion"},{"floor":14,"key":"CultistPotion"},{"floor":16,"key":"CultistPotion"},{"floor":18,"key":"ColorlessPotion"},{"floor":24,"key":"SteroidPotion"},{"floor":30,"key":"GamblersBrew"}],"is_trial":false,"path_per_floor":["M","M","?","M","?","E","M","R","T","R","M","M","R","M","R","B",null,"M","?","$","M","M","R","E","?","T","R","E","?","M","M"],"character_chosen":"IRONCLAD","basemod:card_modifiers":[null,null,null,null,null,null,null,null,null,null,null,null,null,null,null,null,null,null,null,null,null,null,null,null,null],"items_purchased":["Dark Embrace","Havoc"],"campfire_rested":0,"item_purchase_floors":[20,20],"current_hp_per_floor":[80,80,85,85,74,66,65,65,65,65,70,85,85,83,83,85,85,62,62,62,55,59,59,43,43,43,43,33,33,35,0],"gold":396,"neow_bonus":"THREE_ENEMY_KILL","is_prod":false,"is_daily":false,"chose_seed":false,"campfire_upgraded":6,"win_rate":0,"timestamp":1679873843,"path_taken":["M","M","?","M","?","E","M","R","T","R","M","M","R","M","R","BOSS","M","?","$","M","M","R","E","?","T","R","E","?","M","?"],"build_version":"2022-12-18","purchased_purges":1,"victory":false,"max_hp_per_floor":[80,80,85,85,85,85,85,85,85,85,85,85,85,85,85,85,85,85,85,85,85,85,85,85,85,85,85,85,85,85,85],"card_choices":[{"not_picked":["Reckless Charge","Iron Wave"],"picked":"Sever Soul","floor":1},{"not_picked":["Sword Boomerang","Iron Wave"],"picked":"Thunderclap","floor":2},{"not_picked":["Seeing Red","Iron Wave"],"picked":"True Grit","floor":4},{"not_picked":["Wild Strike","Armaments"],"picked":"Inflame","floor":6},{"not_picked":["Heavy Blade","Body Slam"],"picked":"Flame Barrier","floor":7},{"not_picked":["Reckless Charge","Warcry"],"picked":"Reaper","floor":11},{"not_picked":["Warcry","Pommel Strike","Dropkick"],"picked":"SKIP","floor":12},{"not_picked":["Pommel Strike","Dropkick"],"picked":"Warcry","floor":12},{"not_picked":["Battle Trance","Rampage"],"picked":"Carnage","floor":14},{"not_picked":["Exhume","Berserk"],"picked":"Limit Break","floor":16},{"not_picked":["Hemokinesis","Perfected Strike+1"],"picked":"Blood for Blood","floor":18},{"not_picked":["Headbutt","Thunderclap+1","Flame Barrier+1"],"picked":"SKIP","floor":21},{"not_picked":["Sword Boomerang","Heavy Blade"],"picked":"Cleave+1","floor":22},{"not_picked":["Shrug It Off","Evolve+1"],"picked":"Body Slam","floor":24},{"not_picked":["Rupture","Whirlwind"],"picked":"Headbutt","floor":28},{"not_picked":["Havoc+1","Anger"],"picked":"Feed","floor":30}],"player_experience":1333672,"relics_obtained":[{"floor":6,"key":"Dead Branch"},{"floor":9,"key":"Torii"},{"floor":24,"key":"Magic Flower"},{"floor":26,"key":"Art of War"},{"floor":28,"key":"Lantern"},{"floor":29,"key":"Singing Bowl"}],"event_choices":[{"damage_healed":0,"gold_gain":0,"player_choice":"Donut","damage_taken":0,"max_hp_gain":5,"max_hp_loss":0,"event_name":"Big Fish","floor":3,"gold_loss":0},{"damage_healed":0,"gold_gain":75,"player_choice":"Gather Gold","damage_taken":11,"max_hp_gain":0,"max_hp_loss":0,"event_name":"World of Goop","floor":5,"gold_loss":0},{"damage_healed":0,"gold_gain":0,"player_choice":"Bet on Murderer","damage_taken":0,"max_hp_gain":0,"max_hp_loss":0,"event_name":"The Joust","floor":19,"gold_loss":50},{"damage_healed":0,"gold_gain":0,"player_choice":"Trade","damage_taken":0,"relics_obtained":["SsserpentHead"],"max_hp_gain":0,"max_hp_loss":0,"event_name":"FaceTrader","floor":25,"gold_loss":0},{"damage_healed":0,"gold_gain":0,"player_choice":"Relic","damage_taken":0,"max_hp_gain":0,"max_hp_loss":0,"event_name":"Wheel of Change","floor":29,"gold_loss":0}],"is_beta":false,"boss_relics":[{"not_picked":["Empty Cage","Busted Crown"],"picked":"SlaversCollar"}],"items_purged_floors":[20],"is_endless":false,"potions_floor_spawned":[1,4,12,14,16,18,24,30],"killed_by":"Cultist and Chosen","ascension_level":1}