{"gold_per_floor":[116,132,147,163,163,195,84,112,112,132,151,182,182,201,201,304,304,316,327,327,337,337,364,387,424,436,448,221,238,21,40,40,135,135,154,504,149,149,164,164,192,192,273,293,166,177,213,6,6,6],"floor_reached":51,"playtime":2818,"items_purged":["Defend_R","Strike_R","Strike_R","Warcry","Bludgeon"],"score":855,"play_id":"69d99edd-b7dc-4336-b8ad-0bbbdc5f7707","local_time":"20230324142634","is_ascension_mode":true,"campfire_choices":[{"floor":13.0,"key":"REST"},{"floor":15.0,"key":"REST"},{"floor":27.0,"key":"REST"},{"floor":32.0,"key":"REST"},{"data":"Juggernaut","floor":40.0,"key":"SMITH"},{"floor":49,"key":"REST"}],"neow_cost":"NONE","seed_source_timestamp":817550920848000,"circlet_count":0,"master_deck":["Bash","Shrug It Off+1","Ghostly Armor","True Grit","Rage","Spot Weakness","Battle Trance","Intimidate","Juggernaut","Pummel","Cleave","Feed","Flame Barrier","Immolate","Disarm","Deep Breath","Barricade","Blood for Blood","Fiend Fire+1","Combust","Second Wind+1","Thunderclap+1","Metallicize","Blood for Blood+1","Sword Boomerang+1","Rupture","Disarm","Juggernaut+1","PanicButton","Master of Strategy","Master of Strategy","Body Slam+1","Blood for Blood+1","Feel No Pain","Power Through","Metallicize+1"],"special_seed":0,"relics":["Burning Blood","Red Skull","Dream Catcher","Regal Pillow","Mummified Hand","Runic Pyramid","MawBank","Unceasing Top","Molten Egg 2","Membership Card","Sling","PreservedInsect","Pandora\u0027s Box","Old Coin","DollysMirror","Peace Pipe","Lantern","CeramicFish","Brimstone","Self Forming Clay"],"potions_floor_usage":[41,41,44,47,50],"damage_taken":[{"damage":6.0,"enemies":"2 Louse","floor":1.0,"turns":3.0},{"damage":1.0,"enemies":"Jaw Worm","floor":2.0,"turns":3.0},{"damage":6.0,"enemies":"Cultist","floor":3.0,"turns":3.0},{"damage":12.0,"enemies":"Blue Slaver","floor":4.0,"turns":2.0},{"damage":22.0,"enemies":"3 Sentries","floor":6.0,"turns":9.0},{"damage":25.0,"enemies":"Lagavulin","floor":8.0,"turns":5.0},{"damage":0.0,"enemies":"2 Fungi Beasts","floor":10.0,"turns":4.0},{"damage":10.0,"enemies":"Looter","floor":11.0,"turns":2.0},{"damage":18.0,"enemies":"3 Sentries","floor":12.0,"turns":6.0},{"damage":0.0,"enemies":"Blue Slaver","floor":14.0,"turns":3.0},{"damage":44.0,"enemies":"Hexaghost","floor":16.0,"turns":10.0},{"damage":10.0,"enemies":"3 Byrds","floor":18.0,"turns":6.0},{"damage":2.0,"enemies":"Chosen","floor":19.0,"turns":5.0},{"damage":16.0,"enemies":"Centurion and Healer","floor":21.0,"turns":7.0},{"damage":18.0,"enemies":"Book of Stabbing","floor":23.0,"turns":7.0},{"damage":31.0,"enemies":"Snecko","floor":24.0,"turns":6.0},{"damage":9.0,"enemies":"Gremlin Leader","floor":25.0,"turns":9.0},{"damage":8.0,"enemies":"Chosen and Byrds","floor":29.0,"turns":3.0},{"damage":29.0,"enemies":"Shelled Parasite and Fungi","floor":31.0,"turns":5.0},{"damage":69.0,"enemies":"Automaton","floor":33.0,"turns":9.0},{"damage":22.0,"enemies":"3 Darklings","floor":35.0,"turns":4.0},{"damage":5.0,"enemies":"Mind Bloom Boss Battle","floor":36.0,"turns":4.0},{"damage":26.0,"enemies":"3 Shapes","floor":39.0,"turns":5.0},{"damage":21,"enemies":"Nemesis","floor":41,"turns":7},{"damage":14,"enemies":"3 Darklings","floor":44,"turns":3},{"damage":14,"enemies":"Jaw Worm Horde","floor":46,"turns":4},{"damage":16,"enemies":"Reptomancer","floor":47,"turns":4},{"damage":49,"enemies":"Donu and Deca","floor":50,"turns":5}],"seed_played":"-8450774854111355162","potions_obtained":[{"floor":4.0,"key":"Block Potion"},{"floor":6.0,"key":"Ancient Potion"},{"floor":12.0,"key":"SpeedPotion"},{"floor":14.0,"key":"GamblersBrew"},{"floor":16.0,"key":"Fruit Juice"},{"floor":18.0,"key":"SneckoOil"},{"floor":24.0,"key":"HeartOfIron"},{"floor":29.0,"key":"Ancient Potion"},{"floor":31.0,"key":"PowerPotion"},{"floor":33.0,"key":"CultistPotion"},{"floor":39.0,"key":"GamblersBrew"},{"floor":41,"key":"EssenceOfSteel"},{"floor":44,"key":"Strength Potion"},{"floor":46,"key":"SkillPotion"}],"is_trial":false,"path_per_floor":["M","M","M","M","?","E","$","E","T","M","M","E","R","M","R","B",null,"M","M","?","M","?","E","M","E","T","R","$","M","$","M","R","B",null,"M","?","$","?","M","R","E","?","T","M","$","M","E","$","R","B",null],"character_chosen":"IRONCLAD","basemod:card_modifiers":[null,null,null,null,null,null,null,null,null,null,null,null,null,null,null,null,null,null,null,null,null,null,null,null,null,null,null,null,null,null,null,null,null,null,null,null],"items_purchased":["Spot Weakness","Membership Card","Combust","Sling","PreservedInsect","DollysMirror","PanicButton","Peace Pipe","Feel No Pain","Brimstone","Self Forming Clay"],"campfire_rested":5,"item_purchase_floors":[7,28,28,30,30,37,37,37,45,48,48],"current_hp_per_floor":[80,80,80,74,58,42,42,23,23,29,25,13,52,58,80,42,80,79,86,86,79,78,66,44,44,44,87,87,85,85,65,98,40,103,87,88,88,83,66,66,51,51,51,43,43,38,28,28,75,32],"gold":6,"neow_bonus":"ONE_RANDOM_RARE_CARD","is_prod":false,"is_daily":false,"chose_seed":false,"campfire_upgraded":1,"win_rate":0,"timestamp":1679682394,"path_taken":["M","M","M","M","?","E","$","E","T","M","M","E","R","M","R","BOSS","M","M","?","M","?","E","M","E","T","R","$","?","$","M","R","BOSS","M","?","$","?","M","R","E","?","T","M","$","M","E","?","R","BOSS"],"build_version":"2022-12-18","purchased_purges":5,"victory":true,"max_hp_per_floor":[80,80,80,80,80,80,80,80,80,80,80,80,80,80,80,80,80,83,86,86,89,89,89,92,95,95,95,95,95,95,98,98,103,103,103,103,103,103,106,106,106,106,106,106,106,109,109,109,109,109],"card_choices":[{"not_picked":["Warcry","Feel No Pain"],"picked":"Shrug It Off","floor":1.0},{"not_picked":["Warcry","Pummel","Entrench"],"picked":"SKIP","floor":2.0},{"not_picked":["Clash","Flex"],"picked":"Ghostly Armor","floor":3.0},{"not_picked":["Sword Boomerang","Shrug It Off"],"picked":"True Grit","floor":4.0},{"not_picked":["Infernal Blade","Warcry"],"picked":"Rage","floor":6.0},{"not_picked":["Double Tap","Heavy Blade"],"picked":"Battle Trance","floor":8.0},{"not_picked":["Twin Strike","Shrug It Off","Thunderclap"],"picked":"SKIP","floor":10.0},{"not_picked":["Battle Trance","Thunderclap"],"picked":"Intimidate","floor":11.0},{"not_picked":["Entrench","Flex"],"picked":"Juggernaut","floor":12.0},{"not_picked":["True Grit","Headbutt"],"picked":"Pummel","floor":13.0},{"not_picked":["Iron Wave","Clothesline"],"picked":"Cleave","floor":14.0},{"not_picked":["Brutality","Reaper"],"picked":"Feed","floor":16.0},{"not_picked":["Clothesline+1","Body Slam"],"picked":"Flame Barrier","floor":18.0},{"not_picked":["Spot Weakness","Reckless Charge","Clothesline"],"picked":"SKIP","floor":19.0},{"not_picked":["Warcry","Twin Strike"],"picked":"Disarm","floor":21.0},{"not_picked":["Anger","Cleave"],"picked":"Barricade","floor":23.0},{"not_picked":["Anger","Spot Weakness","Rupture+1"],"picked":"SKIP","floor":24.0},{"not_picked":["Dark Embrace","Shockwave"],"picked":"Blood for Blood","floor":25.0},{"not_picked":["Evolve","Clash+1"],"picked":"Fiend Fire+1","floor":27.0},{"not_picked":["Perfected Strike+1","Headbutt+1","Warcry"],"picked":"SKIP","floor":29.0},{"not_picked":["Perfected Strike+1","Headbutt+1","Warcry"],"picked":"SKIP","floor":29.0},{"not_picked":["Feed+1","Reckless Charge+1","Shrug It Off"],"picked":"SKIP","floor":31.0},{"not_picked":["Cleave+1","Flex+1"],"picked":"Second Wind+1","floor":32.0},{"not_picked":["Combust+1","Headbutt+1","Flex+1"],"picked":"SKIP","floor":35.0},{"not_picked":["Evolve","Rampage+1"],"picked":"Disarm","floor":36.0},{"not_picked":["Blind","Discovery"],"picked":"Master of Strategy","floor":38.0},{"not_picked":["Mind Blast+1","Finesse"],"picked":"Master of Strategy","floor":38.0},{"not_picked":["Anger+1","Flex+1"],"picked":"Body Slam+1","floor":39.0},{"not_picked":["True Grit+1","Thunderclap+1","Anger+1"],"picked":"SKIP","floor":41},{"not_picked":["Body Slam+1","Second Wind+1"],"picked":"Blood for Blood+1","floor":44},{"not_picked":["Pommel Strike+1","Twin Strike+1"],"picked":"Power Through","floor":46},{"not_picked":["Juggernaut","Reckless Charge+1"],"picked":"Metallicize+1","floor":47}],"player_experience":1326256,"relics_obtained":[{"floor":6.0,"key":"Red Skull"},{"floor":8.0,"key":"Dream Catcher"},{"floor":9.0,"key":"Regal Pillow"},{"floor":12.0,"key":"Mummified Hand"},{"floor":23.0,"key":"MawBank"},{"floor":25.0,"key":"Unceasing Top"},{"floor":26.0,"key":"Molten Egg 2"},{"floor":36.0,"key":"Old Coin"},{"floor":41,"key":"Lantern"},{"floor":47,"key":"CeramicFish"}],"event_choices":[{"damage_healed":0.0,"max_hp_gain":0.0,"max_hp_loss":0.0,"gold_gain":0.0,"event_name":"Shining Light","player_choice":"Entered Light","floor":5.0,"gold_loss":0.0,"damage_taken":16.0,"cards_upgraded":["Strike_R","Shrug It Off"]},{"cards_removed":["Juggernaut"],"damage_healed":0.0,"max_hp_gain":0.0,"max_hp_loss":0.0,"gold_gain":0.0,"event_name":"betterNote:BetterNote","player_choice":"Take \u0026 Give","floor":20.0,"gold_loss":0.0,"damage_taken":0.0,"cards_obtained":["Immolate"]},{"damage_healed":0.0,"max_hp_gain":0.0,"max_hp_loss":0.0,"gold_gain":0.0,"event_name":"Knowing Skull","player_choice":"POTION CARD ","floor":22.0,"potions_obtained":["BloodPotion"],"gold_loss":0.0,"damage_taken":18.0,"cards_obtained":["Deep Breath"]},{"damage_healed":0.0,"max_hp_gain":0.0,"max_hp_loss":0.0,"gold_gain":0.0,"event_name":"MindBloom","player_choice":"Fight","floor":36.0,"gold_loss":0.0,"damage_taken":0.0},{"damage_healed":0.0,"max_hp_gain":0.0,"max_hp_loss":0.0,"gold_gain":0.0,"event_name":"SensoryStone","player_choice":"Memory 2","floor":38.0,"gold_loss":0.0,"damage_taken":5.0},{"damage_healed":0,"gold_gain":0,"player_choice":"Ignored","damage_taken":0,"max_hp_gain":0,"max_hp_loss":0,"event_name":"Tomb of Lord Red Mask","floor":42,"gold_loss":0}],"is_beta":false,"boss_relics":[{"not_picked":["SlaversCollar","Cursed Key"],"picked":"Runic Pyramid"},{"not_picked":["Velvet Choker","Astrolabe"],"picked":"Pandora\u0027s Box"}],"items_purged_floors":[7,28,30,37,45],"is_endless":false,"potions_floor_spawned":[4,6,12,14,16,18,24,29,31,33,39,41,44,46],"ascension_level":1}