{"gold_per_floor":[109,129,144,109,122,122,140,166,166,177,205,205,205,216,216,315,315,327,339,33,48,48,48,76,94,170,190,225,225,241,255,255,359,359,375,392,292,303,303,303,332,332,355,405,437,453,74,94,94,94],"floor_reached":51,"playtime":2457,"items_purged":["Strike_R","Strike_R","Strike_R"],"score":939,"play_id":"6f9728af-8df2-4851-a15e-be315ebc7b36","local_time":"20230327141652","is_ascension_mode":true,"campfire_choices":[{"data":"Barricade","floor":6.0,"key":"SMITH"},{"floor":13.0,"key":"REST"},{"floor":15.0,"key":"REST"},{"data":"Juggernaut","floor":23,"key":"SMITH"},{"data":"Entrench","floor":32,"key":"SMITH"},{"data":"Body Slam","floor":40,"key":"SMITH"},{"data":"Body Slam","floor":42,"key":"SMITH"},{"data":"Offering","floor":49,"key":"SMITH"}],"neow_cost":"PERCENT_DAMAGE","seed_source_timestamp":1076647936947200,"circlet_count":0,"master_deck":["Strike_R","Defend_R","Defend_R","Defend_R","Defend_R","Bash","Sentinel","Clash","Anger","Barricade+1","Battle Trance","Body Slam+1","Thunderclap","Iron Wave","Feed+1","Entrench+1","Shockwave","Juggernaut+1","Dropkick+1","Rage","Entrench+1","Disarm","Impervious","Rage+1","Body Slam+1","Offering+1"],"special_seed":0,"relics":["Burning Blood","Torii","Nunchaku","White Beast Statue","Bottled Tornado","Singing Bowl","Coffee Dripper","Red Skull","Tiny Chest","Blue Candle","InkBottle","Philosopher\u0027s Stone","Whetstone","PreservedInsect","Centennial Puzzle","Boot","Eternal Feather"],"potions_floor_usage":[21,24,24,24,24,25,27,28,30,33,35,35,41,45,50,50,50],"damage_taken":[{"damage":7.0,"enemies":"Jaw Worm","floor":1.0,"turns":3.0},{"damage":21.0,"enemies":"Small Slimes","floor":2.0,"turns":5.0},{"damage":0.0,"enemies":"2 Louse","floor":3.0,"turns":2.0},{"damage":9.0,"enemies":"2 Fungi Beasts","floor":5.0,"turns":3.0},{"damage":2.0,"enemies":"3 Louse","floor":7.0,"turns":5.0},{"damage":1.0,"enemies":"Lagavulin","floor":8.0,"turns":6.0},{"damage":9.0,"enemies":"Exordium Thugs","floor":10.0,"turns":5.0},{"damage":53.0,"enemies":"Gremlin Nob","floor":11.0,"turns":5.0},{"damage":10.0,"enemies":"Red Slaver","floor":14.0,"turns":4.0},{"damage":12.0,"enemies":"Slime Boss","floor":16.0,"turns":11.0},{"damage":14.0,"enemies":"Shell Parasite","floor":18.0,"turns":6.0},{"damage":8.0,"enemies":"3 Byrds","floor":19.0,"turns":6.0},{"damage":1,"enemies":"Centurion and Healer","floor":21,"turns":5},{"damage":13,"enemies":"Book of Stabbing","floor":24,"turns":5},{"damage":19,"enemies":"Snake Plant","floor":25,"turns":5},{"damage":26,"enemies":"Shelled Parasite and Fungi","floor":27,"turns":4},{"damage":2,"enemies":"Gremlin Leader","floor":28,"turns":10},{"damage":0,"enemies":"Snecko","floor":30,"turns":4},{"damage":8,"enemies":"Centurion and Healer","floor":31,"turns":6},{"damage":1,"enemies":"Automaton","floor":33,"turns":9},{"damage":1,"enemies":"3 Shapes","floor":35,"turns":4},{"damage":9,"enemies":"Orb Walker","floor":36,"turns":4},{"damage":0,"enemies":"Maw","floor":38,"turns":6},{"damage":16,"enemies":"Nemesis","floor":41,"turns":9},{"damage":6,"enemies":"Giant Head","floor":45,"turns":4},{"damage":6,"enemies":"Transient","floor":46,"turns":5},{"damage":7,"enemies":"4 Shapes","floor":48,"turns":5},{"damage":28,"enemies":"Time Eater","floor":50,"turns":9}],"seed_played":"1304249696963101756","potions_obtained":[{"floor":1.0,"key":"ElixirPotion"},{"floor":5.0,"key":"SteroidPotion"},{"floor":7.0,"key":"PowerPotion"},{"floor":8.0,"key":"ColorlessPotion"},{"floor":10.0,"key":"SteroidPotion"},{"floor":11.0,"key":"SpeedPotion"},{"floor":14.0,"key":"Explosive Potion"},{"floor":16.0,"key":"PowerPotion"},{"floor":18.0,"key":"DistilledChaos"},{"floor":19.0,"key":"DistilledChaos"},{"floor":21,"key":"EntropicBrew"},{"floor":24,"key":"GamblersBrew"},{"floor":25,"key":"Fruit Juice"},{"floor":27,"key":"Weak Potion"},{"floor":28,"key":"Ancient Potion"},{"floor":30,"key":"SpeedPotion"},{"floor":31,"key":"Explosive Potion"},{"floor":33,"key":"EssenceOfSteel"},{"floor":35,"key":"Ancient Potion"},{"floor":36,"key":"SteroidPotion"},{"floor":38,"key":"LiquidMemories"},{"floor":41,"key":"DistilledChaos"},{"floor":45,"key":"SmokeBomb"},{"floor":48,"key":"BloodPotion"}],"is_trial":false,"path_per_floor":["M","M","M","?","M","R","M","E","T","M","E","?","R","M","R","B",null,"M","M","$","M","?","R","E","M","T","M","E","?","M","M","R","B",null,"M","M","$","M","?","R","E","R","T","T","E","M","$","M","R","B",null],"character_chosen":"IRONCLAD","basemod:card_modifiers":[null,null,null,null,null,null,null,null,null,null,null,null,null,null,null,null,null,null,null,null,null,null,null,null,null,null],"items_purchased":["Red Skull","Shockwave","Eternal Feather"],"campfire_rested":2,"item_purchase_floors":[20,20,47],"current_hp_per_floor":[55,40,46,66,63,63,67,72,72,69,22,15,39,35,59,53,80,77,78,78,83,83,83,76,65,65,50,56,56,64,64,64,69,101,103,105,105,108,108,108,101,101,101,101,107,109,109,114,125,125],"gold":94,"neow_bonus":"ONE_RARE_RELIC","is_prod":false,"is_daily":false,"chose_seed":false,"campfire_upgraded":6,"win_rate":0,"timestamp":1679941012,"path_taken":["M","M","M","?","M","R","M","E","T","M","E","?","R","M","R","BOSS","M","M","$","M","?","R","E","M","T","M","E","?","?","M","R","BOSS","M","M","$","M","?","R","E","R","T","?","E","M","$","M","R","BOSS"],"build_version":"2022-12-18","purchased_purges":3,"victory":true,"max_hp_per_floor":[80,80,80,80,80,80,80,80,80,80,80,80,80,80,80,80,80,85,88,88,88,88,88,88,90,90,95,97,97,99,101,101,101,101,103,108,108,108,108,108,111,111,111,111,117,119,119,125,125,125],"card_choices":[{"not_picked":["Perfected Strike","Twin Strike"],"picked":"Sentinel","floor":1.0},{"not_picked":["Dark Embrace","Havoc"],"picked":"Clash","floor":2.0},{"not_picked":["Warcry","Rampage"],"picked":"Anger","floor":3.0},{"not_picked":["Armaments","Infernal Blade"],"picked":"Barricade","floor":5.0},{"not_picked":["Shrug It Off","Havoc"],"picked":"Battle Trance","floor":7.0},{"not_picked":["Heavy Blade","Bludgeon"],"picked":"Body Slam","floor":8.0},{"not_picked":["Heavy Blade","Shockwave"],"picked":"Thunderclap","floor":10.0},{"not_picked":["Whirlwind","Anger","Twin Strike"],"picked":"SKIP","floor":11.0},{"not_picked":["Berserk","Headbutt"],"picked":"Iron Wave","floor":14.0},{"not_picked":["Berserk","Brutality"],"picked":"Feed","floor":16.0},{"not_picked":["Shrug It Off","Sword Boomerang+1","Cleave"],"picked":"Singing Bowl","floor":18.0},{"not_picked":["Twin Strike+1","True Grit+1"],"picked":"Entrench+1","floor":19.0},{"not_picked":["Armaments","Cleave"],"picked":"Juggernaut","floor":21},{"not_picked":["Shrug It Off","Immolate"],"picked":"Rage","floor":24},{"not_picked":["Pommel Strike","Warcry","True Grit"],"picked":"Singing Bowl","floor":25},{"not_picked":["Body Slam","Wild Strike+1"],"picked":"Entrench","floor":27},{"not_picked":["Searing Blow+1","Havoc","Seeing Red+1"],"picked":"Singing Bowl","floor":28},{"not_picked":["Spot Weakness","Pommel Strike","Carnage"],"picked":"Singing Bowl","floor":30},{"not_picked":["Spot Weakness","Flex","Cleave"],"picked":"Singing Bowl","floor":31},{"not_picked":["Barricade","Corruption"],"picked":"Impervious","floor":33},{"not_picked":["Pummel+1","Dual Wield+1","Wild Strike+1"],"picked":"Singing Bowl","floor":35},{"not_picked":["Sword Boomerang","Anger","Shrug It Off"],"picked":"Singing Bowl","floor":36},{"not_picked":["Rupture","Dark Embrace"],"picked":"Rage+1","floor":38},{"not_picked":["Flex","Juggernaut"],"picked":"Offering","floor":41},{"not_picked":["Sever Soul","Inflame","Thunderclap+1"],"picked":"Singing Bowl","floor":45},{"not_picked":["Burning Pact+1","True Grit","Rage+1"],"picked":"Singing Bowl","floor":46},{"not_picked":["Heavy Blade+1","Flex","Fire Breathing"],"picked":"Singing Bowl","floor":48}],"player_experience":1346265,"relics_obtained":[{"floor":8.0,"key":"Nunchaku"},{"floor":9.0,"key":"White Beast Statue"},{"floor":11.0,"key":"Bottled Tornado"},{"floor":24,"key":"Tiny Chest"},{"floor":26,"key":"Blue Candle"},{"floor":28,"key":"InkBottle"},{"floor":41,"key":"Whetstone"},{"floor":43,"key":"PreservedInsect"},{"floor":44,"key":"Centennial Puzzle"},{"floor":45,"key":"Boot"}],"event_choices":[{"damage_healed":20.0,"max_hp_gain":0.0,"max_hp_loss":0.0,"gold_gain":0.0,"event_name":"The Cleric","player_choice":"Healed","floor":4.0,"gold_loss":35.0,"damage_taken":0.0},{"damage_healed":0.0,"max_hp_gain":0.0,"max_hp_loss":0.0,"gold_gain":0.0,"event_name":"Scrap Ooze","player_choice":"Success","floor":12.0,"gold_loss":0.0,"damage_taken":7.0,"relics_obtained":["Singing Bowl"]},{"damage_healed":0,"gold_gain":0,"cards_transformed":["Strike_R"],"player_choice":"Transformed","damage_taken":0,"max_hp_gain":0,"max_hp_loss":0,"event_name":"Transmorgrifier","floor":22,"gold_loss":0,"cards_obtained":["Dropkick"]},{"cards_removed":["Juggernaut"],"damage_healed":0,"gold_gain":0,"player_choice":"Take \u0026 Give","damage_taken":0,"max_hp_gain":0,"max_hp_loss":0,"event_name":"betterNote:BetterNote","floor":29,"gold_loss":0,"cards_obtained":["Disarm"]},{"damage_healed":0,"gold_gain":0,"player_choice":"Copied","damage_taken":0,"max_hp_gain":0,"max_hp_loss":0,"event_name":"Duplicator","floor":39,"gold_loss":0,"cards_obtained":["Body Slam"]}],"is_beta":false,"boss_relics":[{"not_picked":["Sozu","Runic Pyramid"],"picked":"Coffee Dripper"},{"not_picked":["Tiny House","Calling Bell"],"picked":"Philosopher\u0027s Stone"}],"items_purged_floors":[20,37,47],"is_endless":false,"potions_floor_spawned":[1,5,7,8,10,11,14,16,18,19,21,24,25,27,28,30,31,33,35,36,38,41,45,46,48],"ascension_level":2}