{"gold_per_floor":[117,129,147,222,147,174,174,187,187,187],"floor_reached":10,"playtime":261,"items_purged":[],"score":136,"play_id":"590c93b9-acf3-45dd-aadb-533bc2074d71","local_time":"20230331193420","is_ascension_mode":true,"campfire_choices":[{"floor":7,"key":"REST"}],"neow_cost":"NONE","seed_source_timestamp":1443527838607100,"circlet_count":0,"master_deck":["AscendersBane","Strike_R","Strike_R","Strike_R","Strike_R","Strike_R","Defend_R","Defend_R","Defend_R","Bash","Cleave","Iron Wave","Armaments","Flame Barrier","Evolve"],"relics":["Burning Blood","NeowsBlessing","MealTicket","Potion Belt"],"potions_floor_usage":[6,8,10],"damage_taken":[{"damage":0,"enemies":"Small Slimes","floor":1,"turns":2},{"damage":0,"enemies":"Jaw Worm","floor":2,"turns":1},{"damage":0,"enemies":"2 Louse","floor":3,"turns":1},{"damage":38,"enemies":"Lagavulin","floor":6,"turns":9},{"damage":17,"enemies":"Blue Slaver","floor":8,"turns":5},{"damage":50,"enemies":"Gremlin Gang","floor":10,"turns":4}],"seed_played":"-9138455218437832453","potions_obtained":[{"floor":2,"key":"DuplicationPotion"},{"floor":6,"key":"Explosive Potion"},{"floor":8,"key":"Fruit Juice"}],"is_trial":false,"path_per_floor":["M","M","M","?","?","E","R","M","T","M"],"character_chosen":"IRONCLAD","basemod:card_modifiers":[null,null,null,null,null,null,null,null,null,null,null,null,null,null,null],"items_purchased":[],"campfire_rested":1,"item_purchase_floors":[],"current_hp_per_floor":[74,75,75,64,64,32,54,43,43,0],"gold":187,"neow_bonus":"THREE_ENEMY_KILL","is_prod":false,"is_daily":false,"chose_seed":false,"campfire_upgraded":0,"win_rate":0,"timestamp":1680305660,"path_taken":["M","M","M","?","?","E","R","M","T","M"],"build_version":"2022-12-18","purchased_purges":0,"victory":false,"max_hp_per_floor":[75,75,75,75,75,75,75,75,75,80],"card_choices":[{"not_picked":["Heavy Blade","Warcry"],"picked":"Cleave","floor":1},{"not_picked":["Clash","Entrench"],"picked":"Iron Wave","floor":2},{"not_picked":["Anger","Warcry"],"picked":"Armaments","floor":3},{"not_picked":["Body Slam","Headbutt"],"picked":"Flame Barrier","floor":6},{"not_picked":["Twin Strike","Clash"],"picked":"Evolve","floor":8}],"player_experience":1361642,"relics_obtained":[{"floor":6,"key":"MealTicket"},{"floor":9,"key":"Potion Belt"}],"event_choices":[{"damage_healed":0,"gold_gain":75,"player_choice":"Gather Gold","damage_taken":11,"max_hp_gain":0,"max_hp_loss":0,"event_name":"World of Goop","floor":4,"gold_loss":0},{"cards_removed":["Defend_R"],"damage_healed":0,"gold_gain":0,"player_choice":"Card Removal","damage_taken":0,"max_hp_gain":0,"max_hp_loss":0,"event_name":"The Cleric","floor":5,"gold_loss":75}],"is_beta":false,"boss_relics":[],"items_purged_floors":[],"is_endless":false,"potions_floor_spawned":[2,6,8],"killed_by":"Gremlin Gang","ascension_level":20}