{"gold_per_floor":[116,132,142,161,175,202,219,219,246,246,264,281,281,16,16,16],"floor_reached":16,"playtime":608,"items_purged":["Armaments+1"],"score":117,"play_id":"6c48cff5-c274-4cb4-b240-e89ac0cba7b1","local_time":"20230328184337","is_ascension_mode":true,"campfire_choices":[{"data":"Metallicize","floor":8,"key":"SMITH"},{"data":"Carnage","floor":10,"key":"SMITH"},{"data":"Armaments","floor":13,"key":"SMITH"},{"floor":15,"key":"REST"}],"neow_cost":"NONE","seed_source_timestamp":1180922027133100,"circlet_count":0,"master_deck":["Strike_R","Strike_R","Strike_R","Strike_R","Strike_R","Defend_R","Defend_R","Defend_R","Defend_R","Bash","Brutality","Uppercut","Cleave","Evolve","Pummel","Carnage+1","Metallicize+1","Reaper","Apotheosis"],"relics":["Burning Blood","Gambling Chip","Omamori"],"potions_floor_usage":[5,12,16],"damage_taken":[{"damage":7,"enemies":"2 Louse","floor":1,"turns":4},{"damage":2,"enemies":"Cultist","floor":2,"turns":3},{"damage":7,"enemies":"Jaw Worm","floor":3,"turns":5},{"damage":11,"enemies":"Blue Slaver","floor":4,"turns":4},{"damage":31,"enemies":"Gremlin Gang","floor":5,"turns":4},{"damage":31,"enemies":"Gremlin Nob","floor":6,"turns":4},{"damage":11,"enemies":"3 Louse","floor":7,"turns":4},{"damage":10,"enemies":"Exordium Thugs","floor":11,"turns":4},{"damage":0,"enemies":"Large Slime","floor":12,"turns":4},{"damage":71,"enemies":"Hexaghost","floor":16,"turns":12}],"seed_played":"-1497926478090472120","potions_obtained":[{"floor":1,"key":"SmokeBomb"},{"floor":4,"key":"BloodPotion"},{"floor":6,"key":"LiquidMemories"},{"floor":7,"key":"Weak Potion"}],"is_trial":false,"path_per_floor":["M","M","M","M","M","E","M","R","T","R","M","M","R","$","R","B"],"character_chosen":"IRONCLAD","basemod:card_modifiers":[null,null,null,null,null,null,null,null,null,null,null,null,null,null,null,null,null,null,null],"items_purchased":["Apotheosis"],"campfire_rested":1,"item_purchase_floors":[14],"current_hp_per_floor":[79,80,79,74,65,40,35,35,35,35,31,37,37,37,61,0],"gold":16,"neow_bonus":"ONE_RANDOM_RARE_CARD","is_prod":false,"is_daily":false,"chose_seed":false,"campfire_upgraded":3,"win_rate":0,"timestamp":1680043417,"path_taken":["M","M","M","M","M","E","M","R","T","R","M","M","R","$","R","BOSS"],"build_version":"2022-12-18","purchased_purges":1,"victory":false,"max_hp_per_floor":[80,80,80,80,80,80,80,80,80,80,80,80,80,80,80,80],"card_choices":[{"not_picked":["True Grit","Clothesline"],"picked":"Uppercut","floor":1},{"not_picked":["Perfected Strike","Warcry","Feel No Pain"],"picked":"SKIP","floor":2},{"not_picked":["Clothesline","Body Slam"],"picked":"Cleave","floor":3},{"not_picked":["Havoc","Clash"],"picked":"Evolve","floor":4},{"not_picked":["True Grit","Limit Break"],"picked":"Pummel","floor":5},{"not_picked":["Heavy Blade","Headbutt"],"picked":"Carnage","floor":6},{"not_picked":["Power Through","True Grit"],"picked":"Metallicize","floor":7},{"not_picked":["Wild Strike","Whirlwind"],"picked":"Armaments","floor":11},{"not_picked":["Clash","Headbutt"],"picked":"Reaper","floor":12}],"player_experience":1348722,"relics_obtained":[{"floor":6,"key":"Gambling Chip"},{"floor":9,"key":"Omamori"}],"event_choices":[],"is_beta":false,"boss_relics":[],"items_purged_floors":[14],"is_endless":false,"potions_floor_spawned":[1,4,6,7],"killed_by":"Hexaghost","ascension_level":2}