{"gold_per_floor":[109,122,21,38,52,52,52,78,78,78,96,135,5,19,19,115,115,129,144,19,19,19,19],"floor_reached":23,"playtime":1008,"items_purged":["Strike_R","Defend_R","Strike_R"],"score":402,"play_id":"73a81569-7b92-4021-8106-e4ba7a477c57","local_time":"20230330230504","is_ascension_mode":true,"campfire_choices":[{"data":"Anger","floor":6,"key":"SMITH"},{"data":"Limit Break","floor":15,"key":"SMITH"}],"neow_cost":"NONE","seed_source_timestamp":0,"circlet_count":0,"master_deck":["AscendersBane","Strike_R","Strike_R","Strike_R","Defend_R","Defend_R","Bash","Spot Weakness","Shockwave","Cleave","Clothesline","Anger+1","Shrug It Off","Evolve","Limit Break+1","Iron Wave","Limit Break","Spot Weakness","Second Wind"],"special_seed":0,"relics":["Burning Blood","MealTicket","Ice Cream","Mango","Golden Idol","Unceasing Top","Runic Pyramid"],"potions_floor_usage":[8,11,12,12,16,23],"damage_taken":[{"damage":13.0,"enemies":"Cultist","floor":1.0,"turns":5.0},{"damage":12.0,"enemies":"Jaw Worm","floor":2.0,"turns":3.0},{"damage":10,"enemies":"2 Louse","floor":4,"turns":2},{"damage":10,"enemies":"Large Slime","floor":5,"turns":5},{"damage":29,"enemies":"Gremlin Nob","floor":8,"turns":4},{"damage":4,"enemies":"Blue Slaver","floor":11,"turns":4},{"damage":17,"enemies":"3 Sentries","floor":12,"turns":5},{"damage":0,"enemies":"2 Fungi Beasts","floor":14,"turns":3},{"damage":28,"enemies":"Hexaghost","floor":16,"turns":7},{"damage":44,"enemies":"2 Thieves","floor":18,"turns":5},{"damage":26,"enemies":"3 Byrds","floor":19,"turns":4},{"damage":29,"enemies":"Book of Stabbing","floor":23,"turns":4}],"seed_played":"-4296329564072537296","potions_obtained":[{"floor":2.0,"key":"Dexterity Potion"},{"floor":5,"key":"Weak Potion"},{"floor":8,"key":"EntropicBrew"},{"floor":12,"key":"LiquidMemories"},{"floor":19,"key":"Weak Potion"}],"is_trial":false,"path_per_floor":["M","M","$","M","M","R","?","E","T","?","M","E","$","M","R","B",null,"M","M","$","?","?","E"],"character_chosen":"IRONCLAD","basemod:card_modifiers":[null,null,null,null,null,null,null,null,null,null,null,null,null,null,null,null,null,null,null],"items_purchased":["Cleave","Iron Wave"],"campfire_rested":0,"item_purchase_floors":[3,13],"current_hp_per_floor":[61,55,70,66,62,62,55,32,46,46,48,37,52,58,58,36,70,32,12,27,27,27,0],"gold":19,"neow_bonus":"RANDOM_COMMON_RELIC","is_prod":false,"is_daily":false,"chose_seed":false,"campfire_upgraded":2,"win_rate":0,"timestamp":1680231904,"path_taken":["M","M","$","?","M","R","?","E","T","?","M","E","$","M","R","BOSS","M","M","$","?","?","E"],"build_version":"2022-12-18","purchased_purges":3,"victory":false,"max_hp_per_floor":[75,75,75,75,75,75,75,75,89,81,81,81,81,81,81,81,81,81,81,81,81,81,81],"card_choices":[{"not_picked":["True Grit","Shrug It Off"],"picked":"Spot Weakness","floor":1.0},{"not_picked":["Warcry","Clash"],"picked":"Shockwave","floor":2.0},{"not_picked":["Thunderclap","Infernal Blade"],"picked":"Clothesline","floor":4},{"not_picked":["Body Slam","Feel No Pain"],"picked":"Anger","floor":5},{"not_picked":["Sever Soul","Intimidate"],"picked":"Shrug It Off","floor":8},{"not_picked":["Evolve","Uppercut","Clash"],"picked":"SKIP","floor":11},{"not_picked":["Uppercut","Clash"],"picked":"Evolve","floor":11},{"not_picked":["Seeing Red","Cleave"],"picked":"Limit Break","floor":12},{"not_picked":["Warcry","Wild Strike","Havoc"],"picked":"SKIP","floor":14},{"not_picked":["Double Tap","Immolate"],"picked":"Limit Break","floor":16},{"not_picked":["Armaments","Body Slam"],"picked":"Spot Weakness","floor":18},{"not_picked":["Headbutt","Cleave"],"picked":"Second Wind","floor":19}],"player_experience":1354352,"relics_obtained":[{"floor":8,"key":"Ice Cream"},{"floor":9,"key":"Mango"},{"floor":12,"key":"Unceasing Top"}],"event_choices":[{"cards_removed":["Defend_R"],"damage_healed":0,"gold_gain":0,"player_choice":"Card Removal","damage_taken":7,"max_hp_gain":0,"max_hp_loss":0,"event_name":"Golden Wing","floor":7,"gold_loss":0},{"damage_healed":0,"gold_gain":0,"player_choice":"Lose Max HP","damage_taken":0,"relics_obtained":["Golden Idol"],"max_hp_gain":0,"max_hp_loss":8,"event_name":"Golden Idol","floor":10,"gold_loss":0},{"damage_healed":0,"gold_gain":0,"player_choice":"Ignored","damage_taken":0,"max_hp_gain":0,"max_hp_loss":0,"event_name":"Vampires","floor":22,"gold_loss":0}],"is_beta":false,"boss_relics":[{"not_picked":["Cursed Key","Black Star"],"picked":"Runic Pyramid"}],"items_purged_floors":[3,13,20],"is_endless":false,"potions_floor_spawned":[2,5,8,12,19],"killed_by":"Book of Stabbing","ascension_level":20}