{"gold_per_floor":[112,112,127,127,142,169,228,228],"floor_reached":8,"playtime":439,"items_purged":[],"score":112,"play_id":"7467b9f8-72a2-432b-a181-23646c7a28f1","local_time":"20230331131338","is_ascension_mode":true,"campfire_choices":[],"neow_cost":"NONE","seed_source_timestamp":1420507888352300,"circlet_count":0,"master_deck":["AscendersBane","Strike_R","Strike_R","Strike_R","Defend_R","Defend_R","Defend_R","Defend_R","Bash","Brutality","Shockwave","Rage","Second Wind","Carnage","Anger","Warcry"],"relics":["Burning Blood","Calipers","Pocketwatch"],"potions_floor_usage":[6,8],"damage_taken":[{"damage":9,"enemies":"Jaw Worm","floor":1,"turns":6},{"damage":5,"enemies":"Small Slimes","floor":3,"turns":4},{"damage":14,"enemies":"Cultist","floor":5,"turns":6},{"damage":27,"enemies":"Lagavulin","floor":6,"turns":7},{"damage":21,"enemies":"3 Sentries","floor":7,"turns":7},{"damage":25,"enemies":"3 Sentries","floor":8,"turns":6}],"seed_played":"-3553497368443032972","potions_obtained":[{"floor":5,"key":"HeartOfIron"},{"floor":7,"key":"Swift Potion"}],"is_trial":false,"path_per_floor":["M","?","M","?","M","E","?","E"],"character_chosen":"IRONCLAD","basemod:card_modifiers":[null,null,null,null,null,null,null,null,null,null,null,null,null,null,null,null],"items_purchased":[],"campfire_rested":0,"item_purchase_floors":[],"current_hp_per_floor":[65,65,66,66,58,37,22,0],"gold":228,"neow_bonus":"TRANSFORM_CARD","is_prod":false,"is_daily":false,"chose_seed":false,"campfire_upgraded":0,"win_rate":0,"timestamp":1680282818,"path_taken":["M","?","M","?","M","E","?","E"],"build_version":"2022-12-18","purchased_purges":0,"victory":false,"max_hp_per_floor":[75,75,75,75,75,75,75,75],"card_choices":[{"not_picked":["Sword Boomerang","Flex"],"picked":"Shockwave","floor":1},{"not_picked":["Seeing Red","Havoc"],"picked":"Second Wind","floor":3},{"not_picked":["Feel No Pain","Evolve"],"picked":"Carnage","floor":5},{"not_picked":["Rampage","Shrug It Off"],"picked":"Anger","floor":6},{"not_picked":["Iron Wave","Carnage"],"picked":"Warcry","floor":7}],"player_experience":1358157,"relics_obtained":[{"floor":6,"key":"Calipers"}],"event_choices":[{"damage_healed":0,"gold_gain":0,"cards_transformed":["Strike_R"],"player_choice":"Change","damage_taken":0,"max_hp_gain":0,"max_hp_loss":0,"event_name":"Living Wall","floor":2,"gold_loss":0,"cards_obtained":["Rage"]},{"damage_healed":0,"gold_gain":0,"player_choice":"Ignored","damage_taken":0,"max_hp_gain":0,"max_hp_loss":0,"event_name":"Liars Game","floor":4,"gold_loss":0},{"damage_healed":0,"gold_gain":30,"player_choice":"Searched \u00273\u0027 times","damage_taken":0,"relics_obtained":["Pocketwatch"],"max_hp_gain":0,"max_hp_loss":0,"event_name":"Dead Adventurer","floor":7,"gold_loss":0}],"is_beta":false,"boss_relics":[],"items_purged_floors":[],"is_endless":false,"potions_floor_spawned":[5,7],"killed_by":"3 Sentries","ascension_level":20}