{"gold_per_floor":[115,130,130,142,142,142,177,177,177,197,20,51,62,73,73,168,168,187,49,63,63,74,101,101,119,119,119,151,151,4,4,4,4],"floor_reached":33,"playtime":897,"items_purged":["Defend_R","Strike_R"],"score":445,"play_id":"7b9079c6-aa0c-4c6b-9c25-eac5e3e2fa9d","local_time":"20230404215658","is_ascension_mode":false,"campfire_choices":[{"data":"Pommel Strike","floor":6,"key":"SMITH"},{"floor":15,"key":"REST"},{"floor":24,"key":"REST"},{"floor":27,"key":"RECALL"},{"floor":32,"key":"REST"}],"neow_cost":"NONE","seed_source_timestamp":28799886508700,"circlet_count":0,"master_deck":["Strike_R","Strike_R","Strike_R","Strike_R","Defend_R","Defend_R","Defend_R","Bash","Pommel Strike+1","Battle Trance","Cleave","Offering+1","True Grit+1","Armaments+1","Blood for Blood","Carnage+1","Combust+1","Spot Weakness+1","Brutality+1","Disarm+1","Impervious+1","Rupture+1","Juggernaut+1","Entrench+1","Body Slam+1","Heavy Blade+1","Ghostly+1","Ghostly+1","Ghostly+1","Ghostly+1","Ghostly+1"],"relics":["Burning Blood","NeowsBlessing","Thread and Needle","Toxic Egg 2","Frozen Egg 2","Molten Egg 2","Fusion Hammer","InkBottle","Eternal Feather","Turnip"],"potions_floor_usage":[13,16,23,23,33],"damage_taken":[{"damage":0,"enemies":"Cultist","floor":1,"turns":1},{"damage":0,"enemies":"2 Louse","floor":2,"turns":1},{"damage":0,"enemies":"Small Slimes","floor":4,"turns":1},{"damage":43,"enemies":"Lagavulin","floor":7,"turns":7},{"damage":6,"enemies":"Red Slaver","floor":10,"turns":3},{"damage":18,"enemies":"Gremlin Nob","floor":12,"turns":3},{"damage":6,"enemies":"Gremlin Gang","floor":13,"turns":3},{"damage":12,"enemies":"Large Slime","floor":14,"turns":5},{"damage":9,"enemies":"Slime Boss","floor":16,"turns":4},{"damage":9,"enemies":"Spheric Guardian","floor":18,"turns":3},{"damage":12,"enemies":"3 Byrds","floor":20,"turns":4},{"damage":13,"enemies":"Cultist and Chosen","floor":22,"turns":4},{"damage":12,"enemies":"Book of Stabbing","floor":23,"turns":4},{"damage":11,"enemies":"3 Cultists","floor":25,"turns":5},{"damage":12,"enemies":"Gremlin Leader","floor":28,"turns":5},{"damage":40,"enemies":"Champ","floor":33,"turns":4}],"seed_played":"1429836369798951999","potions_obtained":[{"floor":12,"key":"Regen Potion"},{"floor":13,"key":"DistilledChaos"},{"floor":20,"key":"LiquidBronze"},{"floor":22,"key":"EssenceOfSteel"},{"floor":28,"key":"Block Potion"}],"is_trial":false,"path_per_floor":["M","M","T","M","?","R","E","?","T","M","$","E","M","M","R","B",null,"M","$","M","?","M","E","R","M","T","R","E","?","$","?","R","B"],"character_chosen":"IRONCLAD","basemod:card_modifiers":[null,null,null,null,null,null,null,null,null,null,null,null,null,null,null,null,null,null,null,null,null,null,null,null,null,null,null,null,null,null,null],"items_purchased":["Armaments+1","Blood for Blood","Impervious+1","Heavy Blade+1"],"campfire_rested":3,"item_purchase_floors":[11,11,19,30],"current_hp_per_floor":[80,80,80,80,80,80,43,43,43,43,43,31,40,34,58,55,80,77,77,71,71,64,58,80,75,75,80,74,74,74,40,40,0],"gold":4,"neow_bonus":"THREE_ENEMY_KILL","is_prod":false,"is_daily":false,"chose_seed":false,"campfire_upgraded":1,"win_rate":0,"timestamp":1680659818,"path_taken":["M","M","?","M","?","R","E","?","T","M","$","E","M","M","R","BOSS","M","$","M","?","?","E","R","M","T","R","E","?","$","?","R","BOSS"],"build_version":"2022-12-18","purchased_purges":2,"victory":false,"max_hp_per_floor":[80,80,80,80,80,80,80,80,80,80,80,80,80,80,80,80,80,80,80,80,80,80,80,80,80,80,80,80,80,80,40,40,40],"card_choices":[{"not_picked":["Sword Boomerang","Heavy Blade"],"picked":"Pommel Strike","floor":1},{"not_picked":["Sword Boomerang","Feel No Pain"],"picked":"Battle Trance","floor":2},{"not_picked":["Uppercut","Whirlwind"],"picked":"Cleave","floor":4},{"not_picked":["Hemokinesis","Uppercut"],"picked":"Offering+1","floor":7},{"not_picked":["Body Slam","Headbutt"],"picked":"True Grit+1","floor":10},{"not_picked":["Perfected Strike+1","Headbutt+1"],"picked":"Carnage+1","floor":12},{"not_picked":["Warcry+1","Battle Trance+1"],"picked":"Combust+1","floor":13},{"not_picked":["Warcry+1","Intimidate+1"],"picked":"Spot Weakness+1","floor":14},{"not_picked":["Reaper+1","Barricade+1"],"picked":"Brutality+1","floor":16},{"not_picked":["Flame Barrier+1","Iron Wave+1"],"picked":"Disarm+1","floor":18},{"not_picked":["Flex+1","Clash+1"],"picked":"Rupture+1","floor":20},{"not_picked":["Barricade+1","Clash+1","Clothesline+1"],"picked":"SKIP","floor":22},{"not_picked":["Cleave+1","Rampage+1"],"picked":"Entrench+1","floor":23},{"not_picked":["Wild Strike+1","Flex+1"],"picked":"Body Slam+1","floor":25},{"not_picked":["Seeing Red+1","Flame Barrier+1","Armaments+1"],"picked":"SKIP","floor":28}],"player_experience":1370127,"relics_obtained":[{"floor":3,"key":"Thread and Needle"},{"floor":7,"key":"Toxic Egg 2"},{"floor":9,"key":"Frozen Egg 2"},{"floor":12,"key":"Molten Egg 2"},{"floor":23,"key":"InkBottle"},{"floor":26,"key":"Eternal Feather"},{"floor":28,"key":"Turnip"}],"event_choices":[{"damage_healed":0,"gold_gain":0,"player_choice":"Ignored","damage_taken":0,"max_hp_gain":0,"max_hp_loss":0,"event_name":"Liars Game","floor":5,"gold_loss":0},{"damage_healed":0,"gold_gain":0,"player_choice":"Ignored","damage_taken":0,"max_hp_gain":0,"max_hp_loss":0,"event_name":"Golden Idol","floor":8,"gold_loss":0},{"cards_removed":["Impervious"],"damage_healed":0,"gold_gain":0,"player_choice":"Take \u0026 Give","damage_taken":0,"max_hp_gain":0,"max_hp_loss":0,"event_name":"betterNote:BetterNote","floor":21,"gold_loss":0,"cards_obtained":["Juggernaut"]},{"damage_healed":0,"gold_gain":0,"player_choice":"Ignored","damage_taken":0,"max_hp_gain":0,"max_hp_loss":0,"event_name":"The Mausoleum","floor":29,"gold_loss":0},{"damage_healed":0,"gold_gain":0,"player_choice":"Became a Ghost","damage_taken":0,"max_hp_gain":0,"max_hp_loss":40,"event_name":"Ghosts","floor":31,"gold_loss":0,"cards_obtained":["Ghostly","Ghostly","Ghostly","Ghostly","Ghostly"]}],"is_beta":false,"boss_relics":[{"not_picked":["SacredBark","Sozu"],"picked":"Fusion Hammer"}],"items_purged_floors":[11,30],"is_endless":false,"potions_floor_spawned":[12,13,20,22,28],"killed_by":"Champ","ascension_level":0}