{"gold_per_floor":[116,131,145,155,26,57,57,57,83,83,103,128,128,74,74,145,145,145],"floor_reached":18,"playtime":740,"items_purged":["Strike_R"],"score":340,"play_id":"ee039e80-daaa-47bb-a406-32bf80eaf238","local_time":"20230331192238","is_ascension_mode":true,"campfire_choices":[{"data":"Berserk","floor":8.0,"key":"SMITH"},{"floor":10.0,"key":"REST"},{"data":"Demon Form","floor":13.0,"key":"SMITH"},{"data":"True Grit","floor":15.0,"key":"SMITH"}],"neow_cost":"NONE","seed_source_timestamp":1442281471585700,"circlet_count":0,"master_deck":["AscendersBane","Strike_R","Defend_R","Defend_R","Defend_R","Bash","Berserk+1","Clothesline","Twin Strike","Wild Strike","Flex","Shrug It Off","Metallicize","True Grit+1","Demon Form+1","Feed","Sever Soul+1","Havoc+1","Impervious+1"],"special_seed":0,"relics":["Burning Blood","Pen Nib","Regal Pillow","Smiling Mask","Blue Candle","Astrolabe"],"potions_floor_usage":[18],"damage_taken":[{"damage":6.0,"enemies":"Small Slimes","floor":1.0,"turns":4.0},{"damage":0.0,"enemies":"Cultist","floor":2.0,"turns":4.0},{"damage":12.0,"enemies":"Jaw Worm","floor":3.0,"turns":3.0},{"damage":31.0,"enemies":"Lots of Slimes","floor":4.0,"turns":5.0},{"damage":10.0,"enemies":"Lagavulin","floor":6.0,"turns":8.0},{"damage":8.0,"enemies":"Red Slaver","floor":11.0,"turns":3.0},{"damage":27.0,"enemies":"3 Sentries","floor":12.0,"turns":11.0},{"damage":30.0,"enemies":"The Guardian","floor":16.0,"turns":12.0},{"damage":81,"enemies":"3 Byrds","floor":18,"turns":7}],"seed_played":"8617178253121549643","potions_obtained":[{"floor":3.0,"key":"Dexterity Potion"},{"floor":4.0,"key":"GamblersBrew"},{"floor":6.0,"key":"BlessingOfTheForge"},{"floor":11.0,"key":"LiquidBronze"},{"floor":16.0,"key":"BloodPotion"}],"is_trial":false,"path_per_floor":["M","M","M","M","$","E","$","R","T","R","M","E","R","?","R","B",null,"M"],"character_chosen":"IRONCLAD","basemod:card_modifiers":[null,null,null,null,null,null,null,null,null,null,null,null,null,null,null,null,null,null,null],"items_purchased":["Shrug It Off"],"campfire_rested":1,"item_purchase_floors":[5],"current_hp_per_floor":[68,74,68,43,43,39,39,39,39,75,73,52,52,52,52,28,63,0],"gold":145,"neow_bonus":"TRANSFORM_CARD","is_prod":false,"is_daily":false,"chose_seed":false,"campfire_upgraded":3,"win_rate":0,"timestamp":1680304958,"path_taken":["M","M","M","M","$","E","$","R","T","R","M","E","R","?","R","BOSS","M"],"build_version":"2022-12-18","purchased_purges":1,"victory":false,"max_hp_per_floor":[75,75,75,75,75,75,75,75,75,75,75,75,75,75,75,75,75,75],"card_choices":[{"not_picked":["Flex","Clash"],"picked":"Clothesline","floor":1.0},{"not_picked":["Wild Strike","Warcry"],"picked":"Twin Strike","floor":2.0},{"not_picked":["Clash","Sentinel"],"picked":"Wild Strike","floor":3.0},{"not_picked":["Whirlwind","True Grit"],"picked":"Flex","floor":4.0},{"not_picked":["Armaments","Brutality"],"picked":"Metallicize","floor":6.0},{"not_picked":["Body Slam","Sword Boomerang"],"picked":"True Grit","floor":11.0},{"not_picked":["Clash","Perfected Strike"],"picked":"Demon Form","floor":12.0},{"not_picked":["Demon Form","Bludgeon"],"picked":"Feed","floor":16.0}],"player_experience":1360507,"relics_obtained":[{"floor":6.0,"key":"Pen Nib"},{"floor":9.0,"key":"Regal Pillow"},{"floor":12.0,"key":"Smiling Mask"}],"event_choices":[{"damage_healed":0.0,"max_hp_gain":0.0,"max_hp_loss":0.0,"gold_gain":0.0,"event_name":"WeMeetAgain","player_choice":"Paid Gold","floor":14.0,"gold_loss":54.0,"damage_taken":0.0,"relics_obtained":["Blue Candle"]}],"is_beta":false,"boss_relics":[{"not_picked":["Black Star","Sozu"],"picked":"Astrolabe"}],"items_purged_floors":[5],"is_endless":false,"potions_floor_spawned":[3,4,6,11,16],"killed_by":"3 Byrds","ascension_level":20}