{"gold_per_floor":[112,124,50,68,78,104,104,104,104,104,29,56,56,67,67,140,140,157,13,23,23,23,54,64,64],"floor_reached":25,"playtime":866,"items_purged":["Strike_R"],"score":462,"play_id":"a5f7ea8f-bb9b-4503-9209-74a2025d50e2","local_time":"20230329211256","is_ascension_mode":true,"campfire_choices":[{"floor":7,"key":"REST"},{"data":"Blood for Blood","floor":10,"key":"SMITH"},{"data":"Second Wind","floor":13,"key":"SMITH"},{"floor":15,"key":"REST"}],"neow_cost":"NONE","seed_source_timestamp":1276020618515200,"circlet_count":0,"master_deck":["AscendersBane","Strike_R+1","Strike_R+1","Strike_R+1","Strike_R+1","Defend_R+1","Defend_R+1","Defend_R+1","Bash","Wild Strike","Second Wind+1","Feel No Pain","Cleave","Blood for Blood+1","Thunderclap","Spot Weakness","Fiend Fire","Swift Strike","True Grit","Burning Pact","Metallicize"],"relics":["Burning Blood","Paper Frog","Mercury Hourglass","Akabeko","Runic Cube","Turnip","The Courier"],"potions_floor_usage":[4,5,23,23,23,23,24,25],"damage_taken":[{"damage":7,"enemies":"Cultist","floor":1,"turns":4},{"damage":9,"enemies":"Jaw Worm","floor":2,"turns":3},{"damage":25,"enemies":"Small Slimes","floor":4,"turns":5},{"damage":7,"enemies":"Gremlin Gang","floor":5,"turns":4},{"damage":47,"enemies":"Lagavulin","floor":6,"turns":8},{"damage":30,"enemies":"3 Sentries","floor":12,"turns":5},{"damage":13,"enemies":"Blue Slaver","floor":14,"turns":2},{"damage":38,"enemies":"Hexaghost","floor":16,"turns":8},{"damage":20,"enemies":"Chosen","floor":18,"turns":4},{"damage":0,"enemies":"Spheric Guardian","floor":20,"turns":1},{"damage":19,"enemies":"Slavers","floor":23,"turns":4},{"damage":42,"enemies":"Cultist and Chosen","floor":24,"turns":6},{"damage":30,"enemies":"Gremlin Leader","floor":25,"turns":4}],"seed_played":"3936126391530941643","potions_obtained":[{"floor":2,"key":"BloodPotion"},{"floor":4,"key":"Swift Potion"},{"floor":16,"key":"Fruit Juice"},{"floor":20,"key":"EntropicBrew"},{"floor":23,"key":"Weak Potion"},{"floor":24,"key":"LiquidMemories"}],"is_trial":false,"path_per_floor":["M","M","$","M","M","E","R","?","T","R","$","E","R","M","R","B",null,"M","$","M","?","?","E","M","E"],"character_chosen":"IRONCLAD","basemod:card_modifiers":[null,null,null,null,null,null,null,null,null,null,null,null,null,null,null,null,null,null,null,null,null],"items_purchased":["Feel No Pain","Swift Strike","True Grit"],"campfire_rested":2,"item_purchase_floors":[3,19,19],"current_hp_per_floor":[67,64,64,60,59,18,40,65,65,65,65,41,41,34,56,24,62,48,48,54,54,54,62,26,0],"gold":64,"neow_bonus":"REMOVE_CARD","is_prod":false,"is_daily":false,"chose_seed":false,"campfire_upgraded":2,"win_rate":0,"timestamp":1680138776,"path_taken":["M","M","$","M","?","E","R","?","T","R","$","E","R","M","R","BOSS","M","$","M","?","?","E","?","E"],"build_version":"2022-12-18","purchased_purges":1,"victory":false,"max_hp_per_floor":[75,75,75,75,75,75,75,75,75,75,75,75,75,75,75,75,75,75,75,75,75,75,80,80,80],"card_choices":[{"not_picked":["Thunderclap","Flex"],"picked":"Wild Strike","floor":1},{"not_picked":["Warcry","Sword Boomerang"],"picked":"Second Wind","floor":2},{"not_picked":["Twin Strike","Havoc"],"picked":"Cleave","floor":4},{"not_picked":["Hemokinesis","Perfected Strike"],"picked":"Blood for Blood","floor":5},{"not_picked":["Metallicize","Combust"],"picked":"Thunderclap","floor":6},{"not_picked":["Clash","Shockwave"],"picked":"Spot Weakness","floor":12},{"not_picked":["Entrench","Ghostly Armor"],"picked":"Intimidate","floor":14},{"not_picked":["Feed","Demon Form"],"picked":"Fiend Fire","floor":16},{"not_picked":["Headbutt","Second Wind","Warcry"],"picked":"SKIP","floor":18},{"not_picked":["Rampage","Second Wind"],"picked":"Burning Pact","floor":20},{"not_picked":["Ghostly Armor","Dual Wield","Uppercut"],"picked":"SKIP","floor":23},{"not_picked":["Heavy Blade","Seeing Red"],"picked":"Metallicize","floor":24}],"player_experience":1353486,"relics_obtained":[{"floor":6,"key":"Paper Frog"},{"floor":9,"key":"Mercury Hourglass"},{"floor":12,"key":"Akabeko"},{"floor":23,"key":"The Courier"}],"event_choices":[{"damage_healed":25,"gold_gain":0,"player_choice":"Banana","damage_taken":0,"max_hp_gain":0,"max_hp_loss":0,"event_name":"Big Fish","floor":8,"gold_loss":0},{"damage_healed":0,"gold_gain":0,"player_choice":"Simplicity","damage_taken":0,"max_hp_gain":0,"max_hp_loss":0,"event_name":"Back to Basics","floor":21,"gold_loss":0,"cards_upgraded":["Strike_R","Strike_R","Strike_R","Strike_R","Defend_R","Defend_R","Defend_R"]},{"cards_removed":["Intimidate"],"damage_healed":0,"gold_gain":0,"player_choice":"Gave Card","damage_taken":0,"relics_obtained":["Turnip"],"max_hp_gain":0,"max_hp_loss":0,"event_name":"WeMeetAgain","floor":22,"gold_loss":0}],"is_beta":false,"boss_relics":[{"not_picked":["Coffee Dripper","Sozu"],"picked":"Runic Cube"}],"items_purged_floors":[11],"is_endless":false,"potions_floor_spawned":[2,4,16,20,23,24],"killed_by":"Gremlin Leader","ascension_level":20}