{"gold_per_floor":[117,13,29,29,29,29,61,122,122,149,149,168,168,185,185,185],"floor_reached":16,"playtime":406,"items_purged":[],"score":266,"play_id":"c41c75cf-536b-4377-a6cd-ff36b986a9c7","local_time":"20230331125729","is_ascension_mode":true,"campfire_choices":[{"data":"Perfected Strike","floor":6,"key":"SMITH"},{"floor":11,"key":"REST"},{"data":"Rupture","floor":13,"key":"SMITH"},{"data":"True Grit","floor":15,"key":"SMITH"}],"neow_cost":"NONE","seed_source_timestamp":1419570828655600,"circlet_count":0,"master_deck":["AscendersBane","Strike_R","Strike_R","Strike_R","Strike_R","Strike_R","Defend_R+1","Defend_R","Defend_R+1","Bash","Perfected Strike","Combust","Cleave","Pommel Strike","Perfected Strike+1","Rupture+1","True Grit+1","Clash","True Grit+1","Flame Barrier+1"],"relics":["Burning Blood","NeowsBlessing","War Paint","Potion Belt","Gremlin Horn","Toxic Egg 2"],"potions_floor_usage":[10,16,16],"damage_taken":[{"damage":0,"enemies":"Small Slimes","floor":1,"turns":1},{"damage":0,"enemies":"2 Louse","floor":3,"turns":1},{"damage":0,"enemies":"Gremlin Nob","floor":7,"turns":1},{"damage":43,"enemies":"Lagavulin Event","floor":8,"turns":4},{"damage":14,"enemies":"3 Sentries","floor":10,"turns":3},{"damage":5,"enemies":"Jaw Worm","floor":12,"turns":2},{"damage":13,"enemies":"Lots of Slimes","floor":14,"turns":3},{"damage":46,"enemies":"The Guardian","floor":16,"turns":9}],"seed_played":"3331973048280304744","potions_obtained":[{"floor":1,"key":"Explosive Potion"},{"floor":7,"key":"Dexterity Potion"},{"floor":12,"key":"SkillPotion"}],"is_trial":false,"path_per_floor":["M","$","M","?","?","R","E","?","T","E","R","M","R","M","R","B"],"character_chosen":"IRONCLAD","basemod:card_modifiers":[null,null,null,null,null,null,null,null,null,null,null,null,null,null,null,null,null,null,null,null],"items_purchased":["Combust","Cleave"],"campfire_rested":1,"item_purchase_floors":[2,2],"current_hp_per_floor":[74,74,75,75,75,75,75,38,38,30,52,53,53,46,46,0],"gold":185,"neow_bonus":"THREE_ENEMY_KILL","is_prod":false,"is_daily":false,"chose_seed":false,"campfire_upgraded":3,"win_rate":0,"timestamp":1680281849,"path_taken":["M","$","M","?","?","R","E","?","T","E","R","M","R","?","R","BOSS"],"build_version":"2022-12-18","purchased_purges":0,"victory":false,"max_hp_per_floor":[75,75,75,75,75,75,75,75,75,75,75,75,75,75,75,75],"card_choices":[{"not_picked":["Rupture","Body Slam"],"picked":"Perfected Strike","floor":1},{"not_picked":["Perfected Strike","Seeing Red"],"picked":"Pommel Strike","floor":3},{"not_picked":["Double Tap","Clash"],"picked":"Rupture","floor":7},{"not_picked":["Headbutt","Dual Wield"],"picked":"True Grit","floor":8},{"not_picked":["Pommel Strike","Inflame"],"picked":"Clash","floor":10},{"not_picked":["Perfected Strike","Clothesline"],"picked":"True Grit+1","floor":12},{"not_picked":["Flex+1","Armaments+1"],"picked":"Flame Barrier+1","floor":14}],"player_experience":1357243,"relics_obtained":[{"floor":7,"key":"War Paint"},{"floor":8,"key":"Potion Belt"},{"floor":9,"key":"Gremlin Horn"},{"floor":10,"key":"Toxic Egg 2"}],"event_choices":[{"damage_healed":0,"gold_gain":0,"cards_transformed":["Defend_R"],"player_choice":"Change","damage_taken":0,"max_hp_gain":0,"max_hp_loss":0,"event_name":"Living Wall","floor":4,"gold_loss":0,"cards_obtained":["Perfected Strike"]},{"damage_healed":0,"gold_gain":0,"player_choice":"Ignored","damage_taken":0,"max_hp_gain":0,"max_hp_loss":0,"event_name":"Liars Game","floor":5,"gold_loss":0},{"damage_healed":0,"gold_gain":30,"player_choice":"Searched \u00272\u0027 times","damage_taken":0,"max_hp_gain":0,"max_hp_loss":0,"event_name":"Dead Adventurer","floor":8,"gold_loss":0}],"is_beta":false,"boss_relics":[],"items_purged_floors":[],"is_endless":false,"potions_floor_spawned":[1,7,12],"killed_by":"The Guardian","ascension_level":20}