{"gold_per_floor":[119,137,212,212,227,227,252,252,252,264,12,47,47,47],"floor_reached":14,"playtime":486,"items_purged":["Strike_R"],"score":196,"play_id":"6e71c93b-39de-47d4-b1b2-acb27e23c056","local_time":"20230401151457","is_ascension_mode":true,"campfire_choices":[{"data":"Anger","floor":6,"key":"SMITH"},{"data":"Flex","floor":8,"key":"SMITH"}],"neow_cost":"NONE","seed_source_timestamp":1514137174645800,"circlet_count":0,"master_deck":["AscendersBane","Strike_R","Strike_R","Strike_R","Strike_R","Defend_R","Defend_R","Defend_R","Bash","Flex+1","Headbutt","Burning Pact","Anger+1","Combust","Panacea","Shockwave","Blood for Blood"],"relics":["Burning Blood","InkBottle","Bag of Marbles","Matryoshka"],"potions_floor_usage":[12],"damage_taken":[{"damage":2,"enemies":"2 Louse","floor":1,"turns":2},{"damage":7,"enemies":"Jaw Worm","floor":2,"turns":3},{"damage":12,"enemies":"Small Slimes","floor":5,"turns":3},{"damage":35,"enemies":"Lagavulin","floor":7,"turns":5},{"damage":2,"enemies":"3 Louse","floor":10,"turns":2},{"damage":28,"enemies":"3 Sentries","floor":12,"turns":5},{"damage":15,"enemies":"Lots of Slimes","floor":14,"turns":2}],"seed_played":"-6326323151464450521","potions_obtained":[{"floor":5,"key":"SneckoOil"}],"is_trial":false,"path_per_floor":["M","M","?","?","M","R","E","R","T","M","$","E","$","M"],"character_chosen":"IRONCLAD","basemod:card_modifiers":[null,null,null,null,null,null,null,null,null,null,null,null,null,null,null,null,null],"items_purchased":["Panacea","Shockwave"],"campfire_rested":0,"item_purchase_floors":[11,11],"current_hp_per_floor":[72,71,60,65,59,59,30,30,30,34,34,12,12,0],"gold":47,"neow_bonus":"TRANSFORM_CARD","is_prod":false,"is_daily":false,"chose_seed":false,"campfire_upgraded":2,"win_rate":0,"timestamp":1680376497,"path_taken":["M","M","?","?","M","R","E","R","T","M","$","E","$","M"],"build_version":"2022-12-18","purchased_purges":1,"victory":false,"max_hp_per_floor":[75,75,75,80,80,80,80,80,80,80,80,80,80,80],"card_choices":[{"not_picked":["Body Slam","Wild Strike"],"picked":"Headbutt","floor":1},{"not_picked":["Clothesline","Evolve"],"picked":"Burning Pact","floor":2},{"not_picked":["Pommel Strike","Evolve"],"picked":"Anger","floor":5},{"not_picked":["True Grit","Intimidate"],"picked":"Combust","floor":7},{"not_picked":["Clothesline","Perfected Strike","Armaments"],"picked":"SKIP","floor":10},{"not_picked":["Heavy Blade","Cleave"],"picked":"Blood for Blood","floor":12}],"player_experience":1367598,"relics_obtained":[{"floor":7,"key":"InkBottle"},{"floor":9,"key":"Bag of Marbles"},{"floor":12,"key":"Matryoshka"}],"event_choices":[{"damage_healed":0,"gold_gain":75,"player_choice":"Gather Gold","damage_taken":11,"max_hp_gain":0,"max_hp_loss":0,"event_name":"World of Goop","floor":3,"gold_loss":0},{"damage_healed":0,"gold_gain":0,"player_choice":"Donut","damage_taken":0,"max_hp_gain":5,"max_hp_loss":0,"event_name":"Big Fish","floor":4,"gold_loss":0}],"is_beta":false,"boss_relics":[],"items_purged_floors":[11],"is_endless":false,"potions_floor_spawned":[5],"killed_by":"Lots of Slimes","ascension_level":20}