{"gold_per_floor":[114,127,32,32,46,46,66,66,112,123,155,175,193,219,219,314,314,327,341,341],"floor_reached":20,"playtime":852,"items_purged":[],"score":234,"play_id":"24bc3589-08e2-4ff1-bd91-9e463c07b2a9","local_time":"20230328185937","is_ascension_mode":true,"campfire_choices":[{"data":"Barricade","floor":6.0,"key":"SMITH"},{"data":"Body Slam","floor":8.0,"key":"SMITH"},{"floor":15.0,"key":"REST"}],"neow_cost":"TEN_PERCENT_HP_LOSS","seed_source_timestamp":1181554445335100,"circlet_count":0,"master_deck":["Strike_R","Strike_R","Defend_R","Defend_R","Defend_R","Bash","Cleave","Rage","Anger","Body Slam+1","Havoc","Barricade+1","Wild Strike","Shrug It Off","Combust","Rage","Corruption","Feel No Pain","Offering","Flame Barrier+1","Dark Embrace"],"special_seed":0,"relics":["Burning Blood","Anchor","Ancient Tea Set","Prayer Wheel","Empty Cage"],"potions_floor_usage":[],"damage_taken":[{"damage":11.0,"enemies":"2 Louse","floor":1.0,"turns":3.0},{"damage":1.0,"enemies":"Cultist","floor":2.0,"turns":4.0},{"damage":9.0,"enemies":"Jaw Worm","floor":5.0,"turns":4.0},{"damage":13.0,"enemies":"Exordium Wildlife","floor":7.0,"turns":5.0},{"damage":0.0,"enemies":"3 Louse","floor":10.0,"turns":3.0},{"damage":0.0,"enemies":"Lagavulin","floor":11.0,"turns":7.0},{"damage":0.0,"enemies":"Gremlin Gang","floor":12.0,"turns":3.0},{"damage":1.0,"enemies":"2 Fungi Beasts","floor":13.0,"turns":2.0},{"damage":36.0,"enemies":"Gremlin Nob","floor":14.0,"turns":5.0},{"damage":35,"enemies":"Slime Boss","floor":16,"turns":11},{"damage":9,"enemies":"Chosen","floor":18,"turns":7},{"damage":16,"enemies":"Shell Parasite","floor":19,"turns":6},{"damage":67,"enemies":"3 Cultists","floor":20,"turns":5}],"seed_played":"-1508277364661818665","potions_obtained":[{"floor":5.0,"key":"Weak Potion"},{"floor":10.0,"key":"Regen Potion"},{"floor":12.0,"key":"Strength Potion"},{"floor":16,"key":"Strength Potion"},{"floor":19,"key":"Fruit Juice"}],"is_trial":false,"path_per_floor":["M","M","$","?","M","R","M","R","T","M","E","M","M","E","R","B",null,"M","M","M"],"character_chosen":"IRONCLAD","basemod:card_modifiers":[null,null,null,null,null,null,null,null,null,null,null,null,null,null,null,null,null,null,null,null,null],"items_purchased":["Anger","Body Slam"],"campfire_rested":1,"item_purchase_floors":[3,3],"current_hp_per_floor":[67,72,72,72,69,69,62,62,62,68,72,72,72,42,63,34,72,69,59,0],"gold":341,"neow_bonus":"REMOVE_TWO","is_prod":false,"is_daily":false,"chose_seed":false,"campfire_upgraded":2,"win_rate":0,"timestamp":1680044377,"path_taken":["M","M","$","?","M","R","M","R","T","M","E","M","?","E","R","BOSS","M","M","M"],"build_version":"2022-12-18","purchased_purges":0,"victory":false,"max_hp_per_floor":[72,72,72,72,72,72,72,72,72,72,72,72,72,72,72,72,72,72,72,72],"card_choices":[{"not_picked":["Sword Boomerang","Heavy Blade"],"picked":"Cleave","floor":1.0},{"not_picked":["Power Through","Heavy Blade"],"picked":"Rage","floor":2.0},{"not_picked":["Flex","Clash"],"picked":"Wild Strike","floor":5.0},{"not_picked":["Heavy Blade","Wild Strike"],"picked":"Shrug It Off","floor":7.0},{"not_picked":["Body Slam","Combust","Armaments"],"picked":"SKIP","floor":10.0},{"not_picked":["Body Slam","Armaments"],"picked":"Combust","floor":10.0},{"not_picked":["Body Slam","Burning Pact"],"picked":"Rage","floor":11.0},{"not_picked":["Body Slam","Second Wind"],"picked":"Corruption","floor":12.0},{"not_picked":["Headbutt","Hemokinesis","Sword Boomerang"],"picked":"SKIP","floor":13.0},{"not_picked":["Warcry","Demon Form"],"picked":"Feel No Pain","floor":14.0},{"not_picked":["Corruption","Immolate"],"picked":"Offering","floor":16},{"not_picked":["Bloodletting","Havoc"],"picked":"Flame Barrier+1","floor":18},{"not_picked":["Clash+1","Sever Soul","Heavy Blade"],"picked":"SKIP","floor":18},{"not_picked":["Thunderclap","Headbutt+1"],"picked":"Dark Embrace","floor":19},{"not_picked":["Clash","Headbutt","Limit Break"],"picked":"SKIP","floor":19}],"player_experience":1349330,"relics_obtained":[{"floor":9.0,"key":"Anchor"},{"floor":11.0,"key":"Ancient Tea Set"},{"floor":14.0,"key":"Prayer Wheel"}],"event_choices":[{"damage_healed":0.0,"max_hp_gain":0.0,"max_hp_loss":0.0,"gold_gain":0.0,"event_name":"Match and Keep!","player_choice":"2 cards matched","floor":4.0,"gold_loss":0.0,"damage_taken":0.0,"cards_obtained":["Havoc","Barricade"]}],"is_beta":false,"boss_relics":[{"not_picked":["Velvet Choker","Black Blood"],"picked":"Empty Cage"}],"items_purged_floors":[],"is_endless":false,"potions_floor_spawned":[5,10,12,16,19],"killed_by":"3 Cultists","ascension_level":2}