{"gold_per_floor":[11,31,43,43,53,53,85,104,129,129,143,143,161,236,236,236],"floor_reached":16,"playtime":1883,"items_purged":[],"score":208,"play_id":"a6982d41-a192-4aea-81e5-fce12845ca8c","local_time":"20230331125031","is_ascension_mode":true,"campfire_choices":[{"floor":6,"key":"REST"},{"floor":10,"key":"REST"},{"floor":12,"key":"REST"},{"floor":15,"key":"REST"}],"neow_cost":"NO_GOLD","seed_source_timestamp":1408134658069800,"circlet_count":0,"master_deck":["AscendersBane","Strike_R","Strike_R","Strike_R","Strike_R","Strike_R+1","Defend_R","Defend_R","Defend_R","Defend_R","Bash","Impervious+1","Ghostly Armor","Rampage","Wild Strike","Headbutt","True Grit","Thunderclap"],"relics":["Burning Blood","Boot","Art of War"],"potions_floor_usage":[3,11,11],"damage_taken":[{"damage":3,"enemies":"2 Louse","floor":1,"turns":4},{"damage":12,"enemies":"Small Slimes","floor":2,"turns":4},{"damage":28,"enemies":"Jaw Worm","floor":3,"turns":7},{"damage":18,"enemies":"Lots of Slimes","floor":5,"turns":7},{"damage":34,"enemies":"Gremlin Nob","floor":7,"turns":5},{"damage":13,"enemies":"Blue Slaver","floor":8,"turns":4},{"damage":11,"enemies":"Large Slime","floor":11,"turns":4},{"damage":6,"enemies":"Lots of Slimes","floor":13,"turns":5},{"damage":61,"enemies":"Hexaghost","floor":16,"turns":9}],"seed_played":"-5649963616945648345","potions_obtained":[{"floor":2,"key":"BloodPotion"},{"floor":5,"key":"Fire Potion"},{"floor":7,"key":"Weak Potion"}],"is_trial":false,"path_per_floor":["M","M","M","?","M","R","E","M","T","R","M","R","M","?","R","B"],"character_chosen":"IRONCLAD","basemod:card_modifiers":[null,null,null,null,null,null,null,null,null,null,null,null,null,null,null,null,null,null],"items_purchased":[],"campfire_rested":4,"item_purchase_floors":[],"current_hp_per_floor":[71,65,58,35,23,45,17,10,10,32,27,49,49,38,60,0],"gold":236,"neow_bonus":"THREE_RARE_CARDS","is_prod":false,"is_daily":false,"chose_seed":false,"campfire_upgraded":0,"win_rate":0,"timestamp":1680281431,"path_taken":["M","M","M","?","M","R","E","M","T","R","M","R","M","?","R","BOSS"],"build_version":"2022-12-18","purchased_purges":0,"victory":false,"max_hp_per_floor":[75,75,75,75,75,75,75,75,75,75,75,75,75,75,75,75],"card_choices":[{"not_picked":["Limit Break","Corruption"],"picked":"Impervious","floor":0},{"not_picked":["Iron Wave","Warcry"],"picked":"Ghostly Armor","floor":1},{"not_picked":["Whirlwind","Evolve"],"picked":"Rampage","floor":2},{"not_picked":["Evolve","Pommel Strike"],"picked":"Wild Strike","floor":3},{"not_picked":["Clash","Feed"],"picked":"Headbutt","floor":5},{"not_picked":["Seeing Red","Brutality","Twin Strike"],"picked":"SKIP","floor":7},{"not_picked":["Pommel Strike","Clothesline"],"picked":"True Grit","floor":8},{"not_picked":["Dark Embrace","Body Slam"],"picked":"Thunderclap","floor":11},{"not_picked":["Flex","Wild Strike","True Grit"],"picked":"SKIP","floor":13}],"player_experience":1355360,"relics_obtained":[{"floor":7,"key":"Boot"},{"floor":9,"key":"Art of War"}],"event_choices":[{"damage_healed":0,"gold_gain":0,"player_choice":"Entered Light","damage_taken":23,"max_hp_gain":0,"max_hp_loss":0,"event_name":"Shining Light","floor":4,"gold_loss":0,"cards_upgraded":["Impervious","Strike_R"]},{"damage_healed":0,"gold_gain":75,"player_choice":"Gather Gold","damage_taken":11,"max_hp_gain":0,"max_hp_loss":0,"event_name":"World of Goop","floor":14,"gold_loss":0}],"is_beta":false,"boss_relics":[],"items_purged_floors":[],"is_endless":false,"potions_floor_spawned":[2,5,7,8],"killed_by":"Hexaghost","ascension_level":20}