{"gold_per_floor":[115,115,130,30,30,30,44,56,56,56,69,69,69,82,82,156,156,175,175],"floor_reached":19,"playtime":667,"items_purged":["Strike_R"],"score":318,"play_id":"e0237bec-e747-4ba0-980f-ae260678acba","local_time":"20230331190902","is_ascension_mode":true,"campfire_choices":[{"data":"Body Slam","floor":6,"key":"SMITH"},{"floor":10,"key":"REST"},{"data":"Barricade","floor":12,"key":"SMITH"},{"data":"Perfected Strike","floor":15,"key":"SMITH"}],"neow_cost":"TEN_PERCENT_HP_LOSS","seed_source_timestamp":1441601460451100,"circlet_count":0,"master_deck":["AscendersBane","Strike_R","Strike_R","Strike_R","Strike_R","Defend_R","Defend_R","Defend_R+1","Defend_R","Bash","Barricade+1","Body Slam+1","Thunderclap","Flex+1","Shrug It Off","Spot Weakness","Perfected Strike+1","Corruption","Pummel"],"relics":["Burning Blood","Du-Vu Doll","Runic Pyramid"],"potions_floor_usage":[8,16,16],"damage_taken":[{"damage":6,"enemies":"2 Louse","floor":1,"turns":3},{"damage":8,"enemies":"Small Slimes","floor":3,"turns":5},{"damage":0,"enemies":"Cultist","floor":7,"turns":3},{"damage":35,"enemies":"Gremlin Gang","floor":8,"turns":5},{"damage":8,"enemies":"Blue Slaver","floor":11,"turns":4},{"damage":4,"enemies":"3 Louse","floor":14,"turns":5},{"damage":15,"enemies":"The Guardian","floor":16,"turns":10},{"damage":31,"enemies":"2 Thieves","floor":18,"turns":5},{"damage":35,"enemies":"3 Byrds","floor":19,"turns":4}],"seed_played":"-3966426729478110853","potions_obtained":[{"floor":7,"key":"PowerPotion"},{"floor":8,"key":"DistilledChaos"},{"floor":11,"key":"Weak Potion"},{"floor":13,"key":"HeartOfIron"}],"is_trial":false,"path_per_floor":["M","?","M","$","?","R","M","M","T","R","M","R","?","M","R","B",null,"M","M"],"character_chosen":"IRONCLAD","basemod:card_modifiers":[null,null,null,null,null,null,null,null,null,null,null,null,null,null,null,null,null,null,null],"items_purchased":["Flex"],"campfire_rested":1,"item_purchase_floors":[4],"current_hp_per_floor":[68,68,66,66,46,46,52,23,23,43,41,41,41,43,43,34,60,35,0],"gold":175,"neow_bonus":"THREE_RARE_CARDS","is_prod":false,"is_daily":false,"chose_seed":false,"campfire_upgraded":3,"win_rate":0,"timestamp":1680304142,"path_taken":["M","?","M","$","?","R","M","M","T","R","M","R","?","?","R","BOSS","M","?"],"build_version":"2022-12-18","purchased_purges":1,"victory":false,"max_hp_per_floor":[68,68,68,68,68,68,68,68,68,68,68,68,68,68,68,68,68,68,68],"card_choices":[{"not_picked":["Berserk","Double Tap"],"picked":"Barricade","floor":0},{"not_picked":["Twin Strike","Havoc"],"picked":"Body Slam","floor":1},{"not_picked":["Twin Strike","Anger"],"picked":"Thunderclap","floor":3},{"not_picked":["Havoc","Seeing Red"],"picked":"Shrug It Off","floor":7},{"not_picked":["Sword Boomerang","Clash","Whirlwind"],"picked":"SKIP","floor":8},{"not_picked":["Clash","Havoc"],"picked":"Spot Weakness","floor":11},{"not_picked":["Fire Breathing","Dual Wield"],"picked":"Perfected Strike","floor":14},{"not_picked":["Barricade","Exhume"],"picked":"Corruption","floor":16},{"not_picked":["Wild Strike","Body Slam"],"picked":"Pummel","floor":18}],"player_experience":1359840,"relics_obtained":[{"floor":9,"key":"Du-Vu Doll"}],"event_choices":[{"damage_healed":0,"gold_gain":0,"player_choice":"Ignored","damage_taken":0,"max_hp_gain":0,"max_hp_loss":0,"event_name":"Liars Game","floor":2,"gold_loss":0},{"damage_healed":0,"gold_gain":0,"player_choice":"Entered Light","damage_taken":20,"max_hp_gain":0,"max_hp_loss":0,"event_name":"Shining Light","floor":5,"gold_loss":0,"cards_upgraded":["Defend_R","Flex"]},{"damage_healed":0,"gold_gain":0,"player_choice":"Got Potions","damage_taken":0,"max_hp_gain":0,"max_hp_loss":0,"event_name":"Lab","floor":13,"gold_loss":0}],"is_beta":false,"boss_relics":[{"not_picked":["Pandora\u0027s Box","Tiny House"],"picked":"Runic Pyramid"}],"items_purged_floors":[4],"is_endless":false,"potions_floor_spawned":[7,8,11],"killed_by":"3 Byrds","ascension_level":20}