{"gold_per_floor":[113,126,126,51,51,81,81,111,111,136,136,15,15],"floor_reached":13,"playtime":345,"items_purged":["Strike_R"],"score":248,"play_id":"43fb7dca-558f-4116-a570-d244720c20c3","local_time":"20230404214145","is_ascension_mode":true,"campfire_choices":[{"data":"Pommel Strike","floor":7,"key":"SMITH"}],"neow_cost":"NONE","seed_source_timestamp":28440806862700,"circlet_count":0,"master_deck":["AscendersBane","Strike_R","Strike_R","Strike_R","Defend_R","Defend_R","Defend_R","Bash","Pommel Strike+1","Rage","Shrug It Off","Hemokinesis","Seeing Red","Power Through","Sever Soul"],"relics":["Burning Blood","NeowsBlessing","Bottled Flame","Tiny Chest","Meat on the Bone","Blue Candle"],"potions_floor_usage":[10],"damage_taken":[{"damage":0,"enemies":"2 Louse","floor":1,"turns":1},{"damage":0,"enemies":"Jaw Worm","floor":2,"turns":1},{"damage":0,"enemies":"Lagavulin","floor":6,"turns":1},{"damage":44,"enemies":"3 Sentries","floor":8,"turns":13},{"damage":33,"enemies":"Lagavulin","floor":10,"turns":5},{"damage":29,"enemies":"Gremlin Nob","floor":13,"turns":3}],"seed_played":"1023204934877611793","potions_obtained":[{"floor":6,"key":"FearPotion"}],"is_trial":false,"path_per_floor":["M","M","?","$","?","E","R","E","T","E","?","$","E"],"character_chosen":"IRONCLAD","basemod:card_modifiers":[null,null,null,null,null,null,null,null,null,null,null,null,null,null,null],"items_purchased":["Power Through","Sever Soul"],"campfire_rested":0,"item_purchase_floors":[12,12],"current_hp_per_floor":[74,75,68,68,68,74,74,36,36,21,21,21,0],"gold":15,"neow_bonus":"THREE_ENEMY_KILL","is_prod":false,"is_daily":false,"chose_seed":false,"campfire_upgraded":1,"win_rate":0,"timestamp":1680658905,"path_taken":["M","M","?","$","?","E","R","E","T","E","?","$","E"],"build_version":"2022-12-18","purchased_purges":1,"victory":false,"max_hp_per_floor":[75,75,75,75,75,75,75,75,75,75,75,75,75],"card_choices":[{"not_picked":["Dark Embrace","Sword Boomerang"],"picked":"Pommel Strike","floor":1},{"not_picked":["Clash","Twin Strike"],"picked":"Rage","floor":2},{"not_picked":["Whirlwind","Twin Strike"],"picked":"Shrug It Off","floor":6},{"not_picked":["Twin Strike","Warcry"],"picked":"Hemokinesis","floor":8},{"not_picked":["Double Tap","Sword Boomerang"],"picked":"Seeing Red","floor":10}],"player_experience":1369782,"relics_obtained":[{"floor":6,"key":"Bottled Flame"},{"floor":8,"key":"Tiny Chest"},{"floor":9,"key":"Meat on the Bone"},{"floor":10,"key":"Blue Candle"}],"event_choices":[{"cards_removed":["Defend_R"],"damage_healed":0,"gold_gain":0,"player_choice":"Card Removal","damage_taken":7,"max_hp_gain":0,"max_hp_loss":0,"event_name":"Golden Wing","floor":3,"gold_loss":0},{"damage_healed":0,"gold_gain":0,"player_choice":"Ignored","damage_taken":0,"max_hp_gain":0,"max_hp_loss":0,"event_name":"Golden Idol","floor":5,"gold_loss":0},{"cards_removed":["Strike_R"],"damage_healed":0,"gold_gain":0,"player_choice":"Offered Basic","damage_taken":0,"max_hp_gain":0,"max_hp_loss":0,"event_name":"Bonfire Elementals","floor":11,"gold_loss":0}],"is_beta":false,"boss_relics":[],"items_purged_floors":[4],"is_endless":false,"potions_floor_spawned":[6],"killed_by":"Gremlin Nob","ascension_level":20}