{"gold_per_floor":[114,126,126,142,9,40,40,65,88,101,71,36,70,89,89,89],"floor_reached":16,"playtime":508,"items_purged":["Defend_R"],"score":220,"play_id":"56f41fda-e2d6-4f7f-9148-a2da0bd0837a","local_time":"20230331130609","is_ascension_mode":true,"campfire_choices":[{"data":"Entrench","floor":7,"key":"SMITH"},{"data":"Shrug It Off","floor":15,"key":"SMITH"}],"neow_cost":"NONE","seed_source_timestamp":1419989287505600,"circlet_count":0,"master_deck":["AscendersBane","Strike_R","Strike_R","Strike_R","Strike_R","Strike_R","Defend_R","Defend_R","Defend_R","Bash","Perfected Strike","Iron Wave","True Grit","Entrench+1","Reaper","Combust","Shrug It Off+1","Power Through"],"relics":["Burning Blood","NeowsBlessing","Golden Idol","Bag of Marbles","Odd Mushroom","Boot","Blood Vial"],"potions_floor_usage":[6,10,14],"damage_taken":[{"damage":0,"enemies":"Jaw Worm","floor":1,"turns":1},{"damage":0,"enemies":"2 Louse","floor":2,"turns":1},{"damage":0,"enemies":"Small Slimes","floor":4,"turns":1},{"damage":25,"enemies":"Lagavulin","floor":6,"turns":6},{"damage":33,"enemies":"The Mushroom Lair","floor":8,"turns":5},{"damage":3,"enemies":"2 Fungi Beasts","floor":10,"turns":3},{"damage":27,"enemies":"Gremlin Nob","floor":13,"turns":4},{"damage":8,"enemies":"3 Louse","floor":14,"turns":4},{"damage":91,"enemies":"Slime Boss","floor":16,"turns":8}],"seed_played":"-4777445446897397598","potions_obtained":[{"floor":2,"key":"PowerPotion"},{"floor":8,"key":"BloodPotion"},{"floor":10,"key":"SpeedPotion"},{"floor":13,"key":"FairyPotion"}],"is_trial":false,"path_per_floor":["M","M","?","M","$","E","R","?","T","M","$","?","E","M","R","B"],"character_chosen":"IRONCLAD","basemod:card_modifiers":[null,null,null,null,null,null,null,null,null,null,null,null,null,null,null,null,null,null],"items_purchased":["True Grit","Shrug It Off"],"campfire_rested":0,"item_purchase_floors":[5,11],"current_hp_per_floor":[74,75,49,55,55,36,36,9,9,27,27,45,24,42,42,0],"gold":89,"neow_bonus":"THREE_ENEMY_KILL","is_prod":false,"is_daily":false,"chose_seed":false,"campfire_upgraded":2,"win_rate":0,"timestamp":1680282369,"path_taken":["M","M","?","M","$","E","R","?","T","M","$","?","E","M","R","BOSS"],"build_version":"2022-12-18","purchased_purges":1,"victory":false,"max_hp_per_floor":[75,75,75,75,75,75,75,75,75,75,75,75,75,75,75,75],"card_choices":[{"not_picked":["Heavy Blade","Reckless Charge"],"picked":"Perfected Strike","floor":1},{"not_picked":["Clothesline","Sentinel","Warcry"],"picked":"SKIP","floor":2},{"not_picked":["Clothesline","Dark Embrace"],"picked":"Iron Wave","floor":4},{"not_picked":["Flex","Havoc"],"picked":"Entrench","floor":6},{"not_picked":["Wild Strike","Havoc"],"picked":"Reaper","floor":8},{"not_picked":["Sever Soul","Warcry"],"picked":"Combust","floor":10},{"not_picked":["Cleave","Headbutt","Pommel Strike"],"picked":"SKIP","floor":13},{"not_picked":["Headbutt","Clash"],"picked":"Power Through","floor":14}],"player_experience":1357649,"relics_obtained":[{"floor":6,"key":"Bag of Marbles"},{"floor":8,"key":"Odd Mushroom"},{"floor":9,"key":"Boot"},{"floor":13,"key":"Blood Vial"}],"event_choices":[{"damage_healed":0,"gold_gain":0,"player_choice":"Take Damage","damage_taken":26,"relics_obtained":["Golden Idol"],"max_hp_gain":0,"max_hp_loss":0,"event_name":"Golden Idol","floor":3,"gold_loss":0},{"damage_healed":0,"gold_gain":0,"player_choice":"Fought Mushrooms","damage_taken":0,"max_hp_gain":0,"max_hp_loss":0,"event_name":"Mushrooms","floor":8,"gold_loss":0},{"damage_healed":18,"gold_gain":0,"player_choice":"Healed","damage_taken":0,"max_hp_gain":0,"max_hp_loss":0,"event_name":"The Cleric","floor":12,"gold_loss":35}],"is_beta":false,"boss_relics":[],"items_purged_floors":[5],"is_endless":false,"potions_floor_spawned":[2,8,10,13],"killed_by":"Slime Boss","ascension_level":20}