{"gold_per_floor":[117,117,128,128,141,176,193,213,213,213,244,244,244,254,254,357,357,370,138,138,138,151,151],"floor_reached":23,"playtime":938,"items_purged":["Strike_R"],"score":241,"play_id":"dc48ec87-4283-4bfb-803b-9175691892cb","local_time":"20230407225632","is_ascension_mode":true,"campfire_choices":[{"floor":10,"key":"REST"},{"floor":13,"key":"REST"},{"data":"Armaments","floor":15,"key":"SMITH"}],"neow_cost":"NONE","seed_source_timestamp":291525472087800,"circlet_count":0,"master_deck":["Strike_R","Strike_R","Defend_R","Defend_R","Bash","Armaments+1","Body Slam","Burning Pact","Anger","Rage","Combust","Blood for Blood","Juggernaut","Juggernaut+1","Infernal Blade+1","Berserk+1","Shrug It Off+1","Trip","Limit Break"],"relics":["Burning Blood","NeowsBlessing","Regal Pillow","InkBottle","Question Card","Blue Candle","Astrolabe","PreservedInsect"],"potions_floor_usage":[8,11,11,22],"damage_taken":[{"damage":0,"enemies":"2 Louse","floor":1,"turns":1},{"damage":0,"enemies":"Cultist","floor":3,"turns":1},{"damage":0,"enemies":"Small Slimes","floor":5,"turns":1},{"damage":62,"enemies":"3 Sentries","floor":6,"turns":15},{"damage":16,"enemies":"3 Louse","floor":7,"turns":4},{"damage":0,"enemies":"2 Fungi Beasts","floor":8,"turns":2},{"damage":31,"enemies":"Gremlin Nob","floor":11,"turns":4},{"damage":2,"enemies":"Exordium Wildlife","floor":14,"turns":3},{"damage":42,"enemies":"Hexaghost","floor":16,"turns":9},{"damage":33,"enemies":"2 Thieves","floor":18,"turns":4},{"damage":3,"enemies":"Spheric Guardian","floor":22,"turns":3},{"damage":66,"enemies":"Slavers","floor":23,"turns":4}],"seed_played":"-6356713513604529963","potions_obtained":[{"floor":6,"key":"PowerPotion"},{"floor":7,"key":"DistilledChaos"},{"floor":8,"key":"SteroidPotion"}],"is_trial":false,"path_per_floor":["M","?","M","?","M","E","M","M","T","R","E","?","R","M","R","B",null,"M","$","?","?","M","E"],"character_chosen":"IRONCLAD","basemod:card_modifiers":[null,null,null,null,null,null,null,null,null,null,null,null,null,null,null,null,null,null,null],"items_purchased":["PreservedInsect"],"campfire_rested":2,"item_purchase_floors":[19],"current_hp_per_floor":[80,73,79,79,80,24,14,20,20,59,34,34,73,77,77,41,80,53,53,34,34,37,0],"gold":151,"neow_bonus":"THREE_ENEMY_KILL","is_prod":false,"is_daily":false,"chose_seed":false,"campfire_upgraded":1,"win_rate":0,"timestamp":1680922592,"path_taken":["M","?","M","?","?","E","M","M","T","R","E","?","R","M","R","BOSS","M","$","?","?","M","E"],"build_version":"2022-12-18","purchased_purges":1,"victory":false,"max_hp_per_floor":[80,80,80,80,80,80,80,80,80,80,80,80,80,80,80,80,80,80,80,80,80,80,80],"card_choices":[{"not_picked":["Headbutt","Flex"],"picked":"Armaments","floor":1},{"not_picked":["Havoc","Rupture"],"picked":"Body Slam","floor":3},{"not_picked":["Armaments","True Grit"],"picked":"Anger","floor":5},{"not_picked":["True Grit","Headbutt"],"picked":"Rage","floor":6},{"not_picked":["True Grit","Dropkick","Metallicize"],"picked":"SKIP","floor":7},{"not_picked":["Burning Pact","Bludgeon"],"picked":"Combust","floor":8},{"not_picked":["Dropkick","Hemokinesis","Carnage"],"picked":"Blood for Blood","floor":11},{"not_picked":["Havoc","Heavy Blade","Fire Breathing","Thunderclap"],"picked":"SKIP","floor":14},{"not_picked":["Fiend Fire","Brutality","Corruption"],"picked":"Juggernaut","floor":16},{"not_picked":["True Grit","Whirlwind","Heavy Blade+1"],"picked":"Shrug It Off+1","floor":18},{"not_picked":["Feel No Pain","Heavy Blade+1","Cleave","Flex"],"picked":"SKIP","floor":22}],"player_experience":1378289,"relics_obtained":[{"floor":6,"key":"InkBottle"},{"floor":9,"key":"Question Card"},{"floor":11,"key":"Blue Candle"}],"event_choices":[{"damage_healed":0,"gold_gain":0,"player_choice":"Success","damage_taken":7,"relics_obtained":["Regal Pillow"],"max_hp_gain":0,"max_hp_loss":0,"event_name":"Scrap Ooze","floor":2,"gold_loss":0},{"damage_healed":0,"gold_gain":0,"cards_transformed":["Strike_R"],"player_choice":"Transformed","damage_taken":0,"max_hp_gain":0,"max_hp_loss":0,"event_name":"Transmorgrifier","floor":4,"gold_loss":0,"cards_obtained":["Burning Pact"]},{"damage_healed":0,"gold_gain":0,"player_choice":"Ignored","damage_taken":0,"max_hp_gain":0,"max_hp_loss":0,"event_name":"Golden Idol","floor":12,"gold_loss":0},{"damage_healed":0,"gold_gain":0,"player_choice":"POTION POTION ","damage_taken":19,"max_hp_gain":0,"max_hp_loss":0,"event_name":"Knowing Skull","floor":20,"potions_obtained":["FairyPotion","AttackPotion"],"gold_loss":0,"cards_obtained":[]},{"damage_healed":0,"gold_gain":0,"player_choice":"2 cards matched","damage_taken":0,"max_hp_gain":0,"max_hp_loss":0,"event_name":"Match and Keep!","floor":21,"gold_loss":0,"cards_obtained":["Trip","Limit Break"]}],"is_beta":false,"boss_relics":[{"not_picked":["Black Blood","Tiny House"],"picked":"Astrolabe"}],"items_purged_floors":[19],"is_endless":false,"potions_floor_spawned":[6,7,8],"killed_by":"Slavers","ascension_level":4}