{"gold_per_floor":[109,122,141,154,154,182,182,210,257,257,274,274,292,37,37,137,137,153,166,178,33,33,33,58,58,58,86,86,101,132,143,143,239,239,259,309,320,79,179,207,207,234,282,182,199,214,65,95,95,95],"floor_reached":51,"playtime":2728,"items_purged":["Defend_R","Strike_R","Defend_R","Defend_R"],"score":1141,"play_id":"5b48834f-29b8-45ab-bae1-b26380a94251","local_time":"20230409180319","is_ascension_mode":true,"campfire_choices":[{"data":"Armaments","floor":7,"key":"SMITH"},{"floor":10,"key":"REST"},{"data":"Body Slam","floor":12,"key":"SMITH"},{"floor":15,"key":"REST"},{"data":"Rage","floor":23,"key":"SMITH"},{"data":"Battle Trance","floor":25,"key":"SMITH"},{"data":"Dual Wield","floor":32,"key":"SMITH"},{"data":"PanicButton","floor":41,"key":"SMITH"},{"data":"Carnage","floor":49,"key":"SMITH"}],"neow_cost":"NONE","seed_source_timestamp":444949134619100,"circlet_count":0,"master_deck":["Strike_R","Strike_R","Strike_R","Defend_R","Bash","Armaments+1","Thunderclap","Ghostly Armor","Iron Wave","Body Slam+1","Feed","Carnage+1","Feel No Pain","Dual Wield+1","Fiend Fire","Battle Trance+1","Rage+1","PanicButton+1","Reckless Charge+1","Metallicize","Shrug It Off+1"],"relics":["Burning Blood","NeowsBlessing","Letter Opener","Matryoshka","Bag of Marbles","Pen Nib","Strawberry","Medical Kit","Busted Crown","PreservedInsect","Oddly Smooth Stone","Champion Belt","Self Forming Clay","Lantern","Coffee Dripper","Bird Faced Urn","Membership Card","Prayer Wheel","Nunchaku","Regal Pillow","TheAbacus","Pantograph"],"potions_floor_usage":[6,6,13,16,24,27,29,33,46,46,46,50,50],"damage_taken":[{"damage":0,"enemies":"Cultist","floor":1,"turns":1},{"damage":0,"enemies":"Jaw Worm","floor":2,"turns":1},{"damage":0,"enemies":"2 Louse","floor":3,"turns":1},{"damage":18,"enemies":"Red Slaver","floor":4,"turns":4},{"damage":19,"enemies":"3 Sentries","floor":6,"turns":10},{"damage":40,"enemies":"Lagavulin","floor":8,"turns":9},{"damage":16,"enemies":"Blue Slaver","floor":11,"turns":6},{"damage":12,"enemies":"Gremlin Gang","floor":13,"turns":6},{"damage":45,"enemies":"The Guardian","floor":16,"turns":10},{"damage":11,"enemies":"2 Thieves","floor":18,"turns":3},{"damage":0,"enemies":"Chosen","floor":19,"turns":3},{"damage":3,"enemies":"3 Cultists","floor":20,"turns":5},{"damage":27,"enemies":"Gremlin Leader","floor":24,"turns":9},{"damage":15,"enemies":"Slavers","floor":27,"turns":4},{"damage":5,"enemies":"Snecko","floor":29,"turns":5},{"damage":18,"enemies":"Gremlin Leader","floor":30,"turns":5},{"damage":10,"enemies":"Sentry and Sphere","floor":31,"turns":5},{"damage":60,"enemies":"Collector","floor":33,"turns":12},{"damage":0,"enemies":"Orb Walker","floor":35,"turns":4},{"damage":0,"enemies":"Mind Bloom Boss Battle","floor":36,"turns":5},{"damage":0,"enemies":"3 Shapes","floor":37,"turns":3},{"damage":0,"enemies":"Reptomancer","floor":40,"turns":1},{"damage":6,"enemies":"Nemesis","floor":42,"turns":7},{"damage":12,"enemies":"Writhing Mass","floor":45,"turns":7},{"damage":6,"enemies":"Sphere and 2 Shapes","floor":46,"turns":6},{"damage":11,"enemies":"Reptomancer","floor":48,"turns":6},{"damage":33,"enemies":"Awakened One","floor":50,"turns":15}],"seed_played":"-8648424984563397329","potions_obtained":[{"floor":1,"key":"HeartOfIron"},{"floor":4,"key":"PowerPotion"},{"floor":8,"key":"PowerPotion"},{"floor":11,"key":"AttackPotion"},{"floor":18,"key":"SteroidPotion"},{"floor":19,"key":"Block Potion"},{"floor":27,"key":"Regen Potion"},{"floor":30,"key":"FearPotion"},{"floor":33,"key":"Block Potion"},{"floor":36,"key":"BlessingOfTheForge"},{"floor":45,"key":"Block Potion"},{"floor":46,"key":"Dexterity Potion"},{"floor":48,"key":"EssenceOfSteel"}],"is_trial":false,"path_per_floor":["M","M","M","M","?","E","R","E","T","R","M","R","M","$","R","B",null,"M","M","M","$","?","R","E","R","T","E","?","M","E","M","R","B",null,"M","?","M","$","?","E","R","E","T","$","M","M","$","E","R","B",null],"character_chosen":"IRONCLAD","basemod:card_modifiers":[null,null,null,null,null,null,null,null,null,null,null,null,null,null,null,null,null,null,null,null,null],"items_purchased":["Medical Kit","Feel No Pain","Dual Wield","Rage","Membership Card","PanicButton","Metallicize","TheAbacus"],"campfire_rested":2,"item_purchase_floors":[14,14,14,21,38,38,44,47],"current_hp_per_floor":[80,80,80,68,61,48,48,14,21,47,40,40,37,37,64,25,93,91,96,99,99,99,99,78,78,78,72,72,87,75,71,71,17,102,102,105,108,108,108,108,108,108,108,108,102,104,104,103,103,84],"gold":95,"neow_bonus":"THREE_ENEMY_KILL","is_prod":false,"is_daily":false,"chose_seed":false,"campfire_upgraded":7,"win_rate":0,"timestamp":1681077799,"path_taken":["M","M","?","M","?","E","R","E","T","R","M","R","M","?","R","BOSS","M","M","M","$","?","R","E","R","T","E","?","M","E","M","R","BOSS","M","?","M","$","?","E","R","E","T","$","M","M","$","E","R","BOSS"],"build_version":"2022-12-18","purchased_purges":4,"victory":true,"max_hp_per_floor":[80,80,80,80,80,80,80,80,87,87,90,90,93,93,93,93,93,96,96,99,99,99,99,99,99,99,102,102,102,102,102,102,102,102,102,105,108,108,108,108,108,108,108,108,108,108,108,108,108,111],"card_choices":[{"not_picked":["Combust","Intimidate"],"picked":"Armaments","floor":1},{"not_picked":["Shrug It Off","Sword Boomerang"],"picked":"Thunderclap","floor":2},{"not_picked":["Intimidate","Armaments"],"picked":"Ghostly Armor","floor":3},{"not_picked":["Rampage","Perfected Strike"],"picked":"Iron Wave","floor":4},{"not_picked":["Warcry","Metallicize"],"picked":"Body Slam","floor":6},{"not_picked":["Intimidate","Exhume"],"picked":"Feed","floor":8},{"not_picked":["Wild Strike","Armaments","Whirlwind"],"picked":"SKIP","floor":11},{"not_picked":["Headbutt","Shrug It Off"],"picked":"Carnage","floor":13},{"not_picked":["Reaper","Immolate"],"picked":"Fiend Fire","floor":16},{"not_picked":["Anger"],"picked":"SKIP","floor":18},{"not_picked":[],"picked":"Battle Trance","floor":19},{"not_picked":["Heavy Blade"],"picked":"SKIP","floor":20},{"not_picked":["Anger+1"],"picked":"SKIP","floor":24},{"not_picked":["Battle Trance"],"picked":"SKIP","floor":27},{"not_picked":["Warcry"],"picked":"SKIP","floor":29},{"not_picked":["Intimidate"],"picked":"SKIP","floor":30},{"not_picked":["True Grit"],"picked":"SKIP","floor":31},{"not_picked":["Hemokinesis+1"],"picked":"SKIP","floor":35},{"not_picked":["Headbutt"],"picked":"SKIP","floor":37},{"not_picked":["Sever Soul"],"picked":"SKIP","floor":40},{"not_picked":[],"picked":"Reckless Charge+1","floor":42},{"not_picked":[],"picked":"Shrug It Off+1","floor":45},{"not_picked":["Twin Strike+1"],"picked":"SKIP","floor":45},{"not_picked":["Pommel Strike+1"],"picked":"SKIP","floor":46},{"not_picked":["Sword Boomerang+1"],"picked":"SKIP","floor":46},{"not_picked":["True Grit"],"picked":"SKIP","floor":48}],"player_experience":1381464,"relics_obtained":[{"floor":6,"key":"Matryoshka"},{"floor":8,"key":"Bag of Marbles"},{"floor":9,"key":"Pen Nib"},{"floor":9,"key":"Strawberry"},{"floor":24,"key":"PreservedInsect"},{"floor":26,"key":"Oddly Smooth Stone"},{"floor":26,"key":"Champion Belt"},{"floor":27,"key":"Self Forming Clay"},{"floor":30,"key":"Lantern"},{"floor":36,"key":"Bird Faced Urn"},{"floor":40,"key":"Prayer Wheel"},{"floor":42,"key":"Nunchaku"},{"floor":43,"key":"Regal Pillow"},{"floor":48,"key":"Pantograph"}],"event_choices":[{"damage_healed":0,"gold_gain":0,"player_choice":"Success","damage_taken":7,"relics_obtained":["Letter Opener"],"max_hp_gain":0,"max_hp_loss":0,"event_name":"Scrap Ooze","floor":5,"gold_loss":0},{"cards_removed":["Rage"],"damage_healed":0,"gold_gain":0,"player_choice":"Give","damage_taken":0,"max_hp_gain":0,"max_hp_loss":0,"event_name":"betterNote:BetterNote","floor":22,"gold_loss":0,"cards_obtained":["Strike_B"]},{"cards_removed":["Strike_R"],"damage_healed":0,"gold_gain":0,"player_choice":"Offered Basic","damage_taken":0,"max_hp_gain":0,"max_hp_loss":0,"event_name":"Bonfire Elementals","floor":28,"gold_loss":0},{"damage_healed":0,"gold_gain":0,"player_choice":"Fight","damage_taken":0,"max_hp_gain":0,"max_hp_loss":0,"event_name":"MindBloom","floor":36,"gold_loss":0},{"damage_healed":0,"gold_gain":100,"player_choice":"Pray","damage_taken":0,"max_hp_gain":0,"max_hp_loss":0,"event_name":"Golden Shrine","floor":39,"gold_loss":0}],"is_beta":false,"boss_relics":[{"not_picked":["Tiny House","Velvet Choker"],"picked":"Busted Crown"},{"not_picked":["Calling Bell","Cursed Key"],"picked":"Coffee Dripper"}],"items_purged_floors":[21,38,44,47],"is_endless":false,"potions_floor_spawned":[1,4,8,11,18,19,27,30,33,36,45,46,48],"ascension_level":4}