{"gold_per_floor":[113,126,126,143,163,193,193,205,205,205,205,241,241,279,279,399,399,419,435,120,120,49,49,74,74,74,74,118,137,150,170,170,300,300,321,321,21,44,62,62,62],"floor_reached":41,"playtime":1541,"items_purged":["Strike_R","Rupture"],"score":508,"play_id":"9ec8c6ef-d7f7-4413-bf30-8489f0a05e94","local_time":"20230428201137","is_ascension_mode":true,"campfire_choices":[{"data":"Headbutt","floor":7,"key":"SMITH"},{"data":"Thunderclap","floor":11,"key":"SMITH"},{"data":"Defend_R","floor":13,"key":"SMITH"},{"data":"Perfected Strike","floor":15,"key":"SMITH"},{"floor":23,"key":"REST"},{"data":"Metallicize","floor":25,"key":"SMITH"},{"data":"Juggernaut","floor":27,"key":"SMITH"},{"floor":32,"key":"REST"},{"data":"Fiend Fire","floor":40,"key":"SMITH"}],"neow_cost":"NONE","seed_source_timestamp":2095458597282000,"circlet_count":0,"master_deck":["Strike_R","Strike_R","Strike_R","Strike_R+1","Defend_R+1","Defend_R","Defend_R","Defend_R","Bash+1","Thunderclap+1","Headbutt+1","Perfected Strike+1","Juggernaut+1","Rupture+1","Cleave","Sword Boomerang","Rage+1","Disarm+1","Metallicize+1","True Grit+1","Limit Break+1","Blood for Blood+1","Fiend Fire+1","Warcry+1","True Grit+1","Intimidate+1"],"relics":["Burning Blood","Gremlin Horn","Toxic Egg 2","Golden Idol","Oddly Smooth Stone","Odd Mushroom","Runic Cube","Brimstone","Meat on the Bone","Unceasing Top","Philosopher\u0027s Stone","Vajra"],"potions_floor_usage":[6,10,29,31,33],"damage_taken":[{"damage":6,"enemies":"Jaw Worm","floor":1,"turns":4},{"damage":2,"enemies":"Small Slimes","floor":2,"turns":2},{"damage":2,"enemies":"2 Louse","floor":4,"turns":2},{"damage":10,"enemies":"Blue Slaver","floor":5,"turns":3},{"damage":17,"enemies":"3 Sentries","floor":6,"turns":5},{"damage":0,"enemies":"Lots of Slimes","floor":8,"turns":1},{"damage":20,"enemies":"Gremlin Nob","floor":12,"turns":3},{"damage":0,"enemies":"The Mushroom Lair","floor":14,"turns":1},{"damage":46,"enemies":"The Guardian","floor":16,"turns":9},{"damage":21,"enemies":"Spheric Guardian","floor":18,"turns":4},{"damage":35,"enemies":"2 Thieves","floor":19,"turns":3},{"damage":35,"enemies":"Centurion and Healer","floor":24,"turns":4},{"damage":26,"enemies":"Gremlin Leader","floor":28,"turns":5},{"damage":8,"enemies":"Shelled Parasite and Fungi","floor":29,"turns":3},{"damage":40,"enemies":"Snake Plant","floor":30,"turns":5},{"damage":8,"enemies":"Chosen and Byrds","floor":31,"turns":5},{"damage":18,"enemies":"Collector","floor":33,"turns":6},{"damage":15,"enemies":"3 Shapes","floor":35,"turns":2},{"damage":0,"enemies":"Orb Walker","floor":38,"turns":3},{"damage":63,"enemies":"Maw","floor":39,"turns":5},{"damage":31,"enemies":"Giant Head","floor":41,"turns":5}],"seed_played":"3433309505565738612","potions_obtained":[{"floor":4,"key":"SteroidPotion"},{"floor":6,"key":"Fruit Juice"},{"floor":14,"key":"FairyPotion"},{"floor":24,"key":"LiquidBronze"},{"floor":28,"key":"SteroidPotion"},{"floor":30,"key":"Fire Potion"},{"floor":31,"key":"ElixirPotion"},{"floor":35,"key":"LiquidBronze"}],"is_trial":false,"path_per_floor":["M","M","?","M","M","E","R","M","T","?","R","E","R","?","R","B",null,"M","M","$","?","$","R","M","R","T","R","E","M","M","M","R","B",null,"M","?","$","M","M","R","E"],"character_chosen":"IRONCLAD","basemod:card_modifiers":[null,null,null,null,null,null,null,null,null,null,null,null,null,null,null,null,null,null,null,null,null,null,null,null,null,null],"items_purchased":["Brimstone","Rupture","Sword Boomerang","Disarm+1","Vajra","Warcry+1"],"campfire_rested":2,"item_purchase_floors":[20,20,20,22,37,37],"current_hp_per_floor":[80,80,64,68,64,53,53,59,59,64,64,50,50,56,56,16,79,64,35,35,35,35,58,29,29,29,29,21,31,32,42,65,53,79,70,70,70,76,31,31,0],"gold":62,"neow_bonus":"UPGRADE_CARD","is_prod":false,"is_daily":false,"chose_seed":false,"campfire_upgraded":7,"win_rate":0,"timestamp":1682727097,"path_taken":["M","M","?","M","M","E","R","M","T","?","R","E","R","?","R","BOSS","M","M","$","?","?","R","M","R","T","R","E","M","?","M","R","BOSS","M","?","$","M","M","R","E"],"build_version":"2022-12-18","purchased_purges":2,"victory":false,"max_hp_per_floor":[80,80,80,80,80,80,80,80,80,79,79,79,79,79,79,79,79,79,79,79,79,79,79,79,79,79,79,79,79,79,79,79,79,79,79,79,79,79,79,79,79],"card_choices":[{"not_picked":["Cleave","Wild Strike"],"picked":"Hemokinesis","floor":1},{"not_picked":["Shockwave","Armaments","Body Slam"],"picked":"SKIP","floor":2},{"not_picked":["Clash","Twin Strike","Havoc"],"picked":"SKIP","floor":4},{"not_picked":["Headbutt","Body Slam"],"picked":"Thunderclap","floor":5},{"not_picked":["Wild Strike","Double Tap"],"picked":"Headbutt","floor":6},{"not_picked":["Havoc","Headbutt","Flex"],"picked":"SKIP","floor":8},{"not_picked":["Body Slam","Sentinel+1","Berserk"],"picked":"SKIP","floor":12},{"not_picked":["Second Wind+1","Armaments+1"],"picked":"Perfected Strike","floor":14},{"not_picked":["Double Tap+1","Barricade"],"picked":"Juggernaut","floor":16},{"not_picked":["Headbutt+1","Sword Boomerang"],"picked":"Rupture+1","floor":18},{"not_picked":["Thunderclap","Infernal Blade+1"],"picked":"Cleave","floor":19},{"not_picked":["Sentinel+1","Armaments+1"],"picked":"Metallicize","floor":24},{"not_picked":["Sentinel+1","Havoc+1"],"picked":"True Grit+1","floor":28},{"not_picked":["True Grit+1","Body Slam"],"picked":"Limit Break+1","floor":29},{"not_picked":["Iron Wave","Twin Strike+1"],"picked":"Blood for Blood+1","floor":30},{"not_picked":["Wild Strike","Reckless Charge","Rampage"],"picked":"SKIP","floor":31},{"not_picked":["Exhume+1","Corruption"],"picked":"Fiend Fire","floor":33},{"not_picked":["Carnage+1","Body Slam+1","Cleave"],"picked":"SKIP","floor":35},{"not_picked":["Whirlwind+1","Perfected Strike"],"picked":"True Grit+1","floor":38},{"not_picked":["Clash+1","Clothesline"],"picked":"Intimidate+1","floor":39}],"player_experience":1431267,"relics_obtained":[{"floor":6,"key":"Gremlin Horn"},{"floor":9,"key":"Toxic Egg 2"},{"floor":12,"key":"Oddly Smooth Stone"},{"floor":14,"key":"Odd Mushroom"},{"floor":26,"key":"Meat on the Bone"},{"floor":28,"key":"Unceasing Top"}],"event_choices":[{"damage_healed":0,"gold_gain":0,"player_choice":"Entered Light","damage_taken":16,"max_hp_gain":0,"max_hp_loss":0,"event_name":"Shining Light","floor":3,"gold_loss":0,"cards_upgraded":["Hemokinesis","Strike_R"]},{"damage_healed":0,"gold_gain":0,"player_choice":"Lose Max HP","damage_taken":0,"relics_obtained":["Golden Idol"],"max_hp_gain":0,"max_hp_loss":6,"event_name":"Golden Idol","floor":10,"gold_loss":0},{"damage_healed":0,"gold_gain":0,"player_choice":"Fought Mushrooms","damage_taken":0,"max_hp_gain":0,"max_hp_loss":0,"event_name":"Mushrooms","floor":14,"gold_loss":0},{"cards_removed":["Defend_R"],"damage_healed":0,"gold_gain":0,"player_choice":"Take \u0026 Give","damage_taken":0,"max_hp_gain":0,"max_hp_loss":0,"event_name":"betterNote:BetterNote","floor":21,"gold_loss":0,"cards_obtained":["Rage"]},{"cards_removed":["Hemokinesis"],"damage_healed":0,"gold_gain":0,"player_choice":"Removed Attack","damage_taken":0,"max_hp_gain":0,"max_hp_loss":0,"event_name":"Falling","floor":36,"gold_loss":0}],"is_beta":false,"boss_relics":[{"not_picked":["Busted Crown","Astrolabe"],"picked":"Runic Cube"},{"not_picked":["Tiny House","Velvet Choker"],"picked":"Philosopher\u0027s Stone"}],"items_purged_floors":[20,37],"is_endless":false,"potions_floor_spawned":[4,6,14,24,28,30,31,35],"killed_by":"Giant Head","ascension_level":4}