{"gold_per_floor":[113,113,128,128,145,172,172,172,172,248,248,32,32,48,48,147,147,161,29,43,43,55,89,89,108,108,124,124,155,181,191,191,296,296,308,29,29,42,59,88,88,163,163,163],"floor_reached":44,"playtime":3300,"items_purged":["Defend_R","Strike_R","Defend_R"],"score":583,"play_id":"d10ddb35-653e-49fa-9473-1ec112c707d9","local_time":"20230428231436","is_ascension_mode":true,"campfire_choices":[{"data":"Armaments","floor":7,"key":"SMITH"},{"data":"True Grit","floor":13,"key":"SMITH"},{"data":"Iron Wave","floor":15,"key":"SMITH"},{"data":"Shrug It Off","floor":24,"key":"SMITH"},{"floor":28,"key":"REST"},{"floor":32,"key":"REST"},{"data":"1","floor":41,"key":"LIFT"}],"neow_cost":"PERCENT_DAMAGE","seed_source_timestamp":2097020159492800,"circlet_count":0,"master_deck":["Strike_R","Strike_R","Defend_R","Defend_R","Bash","Iron Wave+1","Infernal Blade","Hemokinesis","Armaments+1","Finesse","Dark Embrace","Offering","True Grit+1","Demon Form","Rupture+1","Metallicize","Cleave","Shrug It Off+1","Burning Pact","Rage","Immolate","Pummel+1","Feel No Pain+1"],"relics":["Burning Blood","Smiling Mask","Bird Faced Urn","Mummified Hand","Philosopher\u0027s Stone","Frozen Egg 2","Darkstone Periapt","Tiny Chest","Red Mask","Fusion Hammer","ClockworkSouvenir","Girya","White Beast Statue","Peace Pipe"],"potions_floor_usage":[6,8,16,20,23,30,31,33,38,40,44],"damage_taken":[{"damage":8,"enemies":"Jaw Worm","floor":1,"turns":4},{"damage":2,"enemies":"Small Slimes","floor":3,"turns":3},{"damage":2,"enemies":"Cultist","floor":5,"turns":3},{"damage":34,"enemies":"3 Sentries","floor":6,"turns":8},{"damage":23,"enemies":"Lagavulin","floor":8,"turns":4},{"damage":8,"enemies":"Looter","floor":14,"turns":2},{"damage":17,"enemies":"Hexaghost","floor":16,"turns":9},{"damage":15,"enemies":"Shell Parasite","floor":18,"turns":4},{"damage":10,"enemies":"Spheric Guardian","floor":20,"turns":3},{"damage":26,"enemies":"Centurion and Healer","floor":22,"turns":4},{"damage":17,"enemies":"Gremlin Leader","floor":23,"turns":5},{"damage":27,"enemies":"Sentry and Sphere","floor":25,"turns":5},{"damage":25,"enemies":"Shelled Parasite and Fungi","floor":27,"turns":5},{"damage":27,"enemies":"Book of Stabbing","floor":29,"turns":5},{"damage":34,"enemies":"Masked Bandits","floor":30,"turns":4},{"damage":8,"enemies":"Snecko","floor":31,"turns":6},{"damage":36,"enemies":"Champ","floor":33,"turns":9},{"damage":15,"enemies":"Orb Walker","floor":35,"turns":3},{"damage":34,"enemies":"3 Darklings","floor":38,"turns":4},{"damage":17,"enemies":"Maw","floor":39,"turns":6},{"damage":42,"enemies":"Reptomancer","floor":40,"turns":5},{"damage":60,"enemies":"Giant Head","floor":44,"turns":6}],"seed_played":"-5058735178569374540","potions_obtained":[{"floor":1,"key":"LiquidMemories"},{"floor":3,"key":"SmokeBomb"},{"floor":14,"key":"Fire Potion"},{"floor":18,"key":"Block Potion"},{"floor":20,"key":"LiquidMemories"},{"floor":27,"key":"Fire Potion"},{"floor":30,"key":"Block Potion"},{"floor":31,"key":"CultistPotion"},{"floor":33,"key":"Explosive Potion"},{"floor":39,"key":"Explosive Potion"},{"floor":40,"key":"GamblersBrew"}],"is_trial":false,"path_per_floor":["M","?","M","?","M","E","R","E","T","?","?","$","R","M","R","B",null,"M","$","M","?","M","E","R","M","T","M","R","E","?","M","R","B",null,"M","$","?","M","M","E","R","T","T","E"],"character_chosen":"IRONCLAD","basemod:card_modifiers":[null,null,null,null,null,null,null,null,null,null,null,null,null,null,null,null,null,null,null,null,null,null,null],"items_purchased":["Offering","True Grit","Metallicize","Feel No Pain+1","ClockworkSouvenir"],"campfire_rested":2,"item_purchase_floors":[12,12,19,36,36],"current_hp_per_floor":[54,47,51,51,55,27,27,12,12,12,38,38,38,38,38,29,80,73,73,77,77,60,57,57,44,44,33,57,44,24,28,52,30,80,73,73,73,55,54,28,28,28,28,0],"gold":163,"neow_bonus":"TRANSFORM_TWO_CARDS","is_prod":false,"is_daily":false,"chose_seed":false,"campfire_upgraded":4,"win_rate":0,"timestamp":1682738076,"path_taken":["M","?","M","?","?","E","R","E","T","?","?","$","R","M","R","BOSS","M","$","M","?","M","E","R","M","T","M","R","E","?","M","R","BOSS","M","$","?","M","?","E","R","?","T","E"],"build_version":"2022-12-18","purchased_purges":3,"victory":false,"max_hp_per_floor":[80,80,80,80,80,80,80,80,80,80,80,80,80,80,80,80,80,80,80,80,80,80,80,80,80,80,80,80,80,80,80,80,80,80,80,80,80,80,80,80,80,80,80,80],"card_choices":[{"not_picked":["Entrench","Shockwave"],"picked":"Hemokinesis","floor":1},{"not_picked":["Fire Breathing","Searing Blow"],"picked":"Armaments","floor":3},{"not_picked":["Warcry","Clothesline","Flex"],"picked":"SKIP","floor":5},{"not_picked":["Burning Pact","Pommel Strike"],"picked":"Dark Embrace","floor":6},{"not_picked":["Clash","Iron Wave","Wild Strike"],"picked":"SKIP","floor":14},{"not_picked":["Corruption","Berserk"],"picked":"Demon Form","floor":16},{"not_picked":["Havoc","Shockwave+1"],"picked":"Rupture+1","floor":18},{"not_picked":["Heavy Blade","Twin Strike"],"picked":"Cleave","floor":20},{"not_picked":["Seeing Red","Clothesline","Pommel Strike"],"picked":"SKIP","floor":22},{"not_picked":["Pummel+1","Infernal Blade"],"picked":"Shrug It Off","floor":23},{"not_picked":["Thunderclap","Twin Strike"],"picked":"Burning Pact","floor":25},{"not_picked":["Shrug It Off","Combust+1"],"picked":"Rage","floor":27},{"not_picked":["Battle Trance","Clash+1","Clothesline+1"],"picked":"SKIP","floor":29},{"not_picked":["Iron Wave","Rampage+1","Clothesline"],"picked":"SKIP","floor":31},{"not_picked":["Berserk+1","Bludgeon"],"picked":"Immolate","floor":33},{"not_picked":["Headbutt+1","Twin Strike"],"picked":"Pummel+1","floor":35},{"not_picked":["Reckless Charge+1","Clothesline+1","Wild Strike+1"],"picked":"SKIP","floor":38},{"not_picked":["Reckless Charge","Second Wind","Clash"],"picked":"SKIP","floor":39},{"not_picked":["Cleave","Pommel Strike","Sword Boomerang"],"picked":"SKIP","floor":40}],"player_experience":1432808,"relics_obtained":[{"floor":6,"key":"Bird Faced Urn"},{"floor":9,"key":"Mummified Hand"},{"floor":23,"key":"Frozen Egg 2"},{"floor":26,"key":"Darkstone Periapt"},{"floor":29,"key":"Tiny Chest"},{"floor":30,"key":"Red Mask"},{"floor":40,"key":"Girya"},{"floor":42,"key":"White Beast Statue"},{"floor":43,"key":"Peace Pipe"}],"event_choices":[{"damage_healed":0,"gold_gain":0,"player_choice":"Success","damage_taken":7,"relics_obtained":["Smiling Mask"],"max_hp_gain":0,"max_hp_loss":0,"event_name":"Scrap Ooze","floor":2,"gold_loss":0},{"damage_healed":0,"gold_gain":0,"player_choice":"1 cards matched","damage_taken":0,"max_hp_gain":0,"max_hp_loss":0,"event_name":"Match and Keep!","floor":4,"gold_loss":0,"cards_obtained":["Finesse"]},{"damage_healed":0,"gold_gain":76,"player_choice":"Gained Gold","damage_taken":0,"max_hp_gain":0,"max_hp_loss":0,"event_name":"Golden Wing","floor":10,"gold_loss":0},{"damage_healed":26,"gold_gain":0,"player_choice":"Banana","damage_taken":0,"max_hp_gain":0,"max_hp_loss":0,"event_name":"Big Fish","floor":11,"gold_loss":0},{"cards_removed":["Offering"],"damage_healed":0,"gold_gain":0,"player_choice":"Give","damage_taken":0,"max_hp_gain":0,"max_hp_loss":0,"event_name":"betterNote:BetterNote","floor":21,"gold_loss":0,"cards_obtained":["Defend_R"]},{"damage_healed":0,"gold_gain":0,"player_choice":"Fought Bandits","damage_taken":0,"max_hp_gain":0,"max_hp_loss":0,"event_name":"Masked Bandits","floor":30,"gold_loss":0},{"damage_healed":0,"gold_gain":0,"player_choice":"Ignored","damage_taken":0,"max_hp_gain":0,"max_hp_loss":0,"event_name":"SecretPortal","floor":37,"gold_loss":0}],"is_beta":false,"boss_relics":[{"not_picked":["Black Blood","SlaversCollar"],"picked":"Philosopher\u0027s Stone"},{"not_picked":["Velvet Choker","Calling Bell"],"picked":"Fusion Hammer"}],"items_purged_floors":[12,19,36],"is_endless":false,"potions_floor_spawned":[1,3,14,18,20,27,30,31,33,39,40],"killed_by":"Giant Head","ascension_level":4}