{"gold_per_floor":[109,119,119,44,9,42,42,59,59,59,59,74,74,88,88,217,217,211,211,231,231,246,246,246],"floor_reached":24,"playtime":994,"items_purged":[],"score":270,"play_id":"c4234f9f-7ecb-4dea-a569-89a593292330","local_time":"20230505191058","is_ascension_mode":true,"campfire_choices":[{"data":"True Grit","floor":7,"key":"SMITH"},{"data":"Defend_R","floor":13,"key":"PURGE"},{"floor":15,"key":"REST"},{"data":"Anger","floor":23,"key":"PURGE"}],"neow_cost":"NONE","seed_source_timestamp":87444348272400,"circlet_count":0,"master_deck":["Defend_R","Defend_R","Bash","Berserk","Sever Soul","True Grit","Disarm","True Grit+1","Power Through","Infernal Blade","Demon Form","Hemokinesis","Offering","Battle Trance","Bite","Bite","Bite","Bite","Bite","Sentinel"],"relics":["Burning Blood","Peace Pipe","Torii","Golden Idol","Snecko Eye"],"potions_floor_usage":[16,16,16],"damage_taken":[{"damage":12,"enemies":"Small Slimes","floor":1,"turns":3},{"damage":1,"enemies":"2 Louse","floor":2,"turns":2},{"damage":56,"enemies":"3 Sentries","floor":6,"turns":12},{"damage":0,"enemies":"Cultist","floor":8,"turns":4},{"damage":15,"enemies":"Exordium Thugs","floor":12,"turns":5},{"damage":0,"enemies":"Exordium Wildlife","floor":14,"turns":4},{"damage":12,"enemies":"The Guardian","floor":16,"turns":14},{"damage":20,"enemies":"2 Thieves","floor":18,"turns":4},{"damage":10,"enemies":"Spheric Guardian","floor":20,"turns":4},{"damage":41,"enemies":"Shelled Parasite and Fungi","floor":22,"turns":5},{"damage":46,"enemies":"Gremlin Leader","floor":24,"turns":5}],"seed_played":"-3445271491979495006","potions_obtained":[{"floor":1,"key":"ElixirPotion"},{"floor":2,"key":"ElixirPotion"},{"floor":8,"key":"Dexterity Potion"},{"floor":11,"key":"FearPotion"},{"floor":11,"key":"GamblersBrew"}],"is_trial":false,"path_per_floor":["M","M","?","$","?","E","R","M","T","?","?","M","R","M","R","B",null,"M","?","M","?","M","R","E"],"character_chosen":"IRONCLAD","basemod:card_modifiers":[null,null,null,null,null,null,null,null,null,null,null,null,null,null,null,null,null,null,null,null],"items_purchased":["Disarm"],"campfire_rested":1,"item_purchase_floors":[4],"current_hp_per_floor":[74,79,72,72,80,30,30,36,36,36,36,27,27,33,55,49,68,54,54,50,50,27,27,0],"gold":246,"neow_bonus":"TRANSFORM_CARD","is_prod":false,"is_daily":false,"chose_seed":false,"campfire_upgraded":1,"win_rate":0,"timestamp":1683328258,"path_taken":["M","M","?","$","?","E","R","M","T","?","?","M","R","?","R","BOSS","M","?","M","?","M","R","E"],"build_version":"2022-12-18","purchased_purges":0,"victory":false,"max_hp_per_floor":[80,80,80,80,80,80,80,80,80,74,74,74,74,74,74,74,74,74,74,74,51,51,51,51],"card_choices":[{"not_picked":["Flex","Headbutt"],"picked":"Sever Soul","floor":1},{"not_picked":["Twin Strike","Perfected Strike"],"picked":"True Grit","floor":2},{"not_picked":["Armaments","True Grit","Sword Boomerang"],"picked":"SKIP","floor":6},{"not_picked":["Armaments","Sword Boomerang"],"picked":"True Grit","floor":6},{"not_picked":["Pommel Strike","Body Slam"],"picked":"Anger","floor":8},{"not_picked":["Cleave","Thunderclap"],"picked":"Power Through","floor":12},{"not_picked":["Evolve","Barricade"],"picked":"Infernal Blade","floor":14},{"not_picked":["Reaper","Brutality"],"picked":"Demon Form","floor":16},{"not_picked":["True Grit+1","Wild Strike+1"],"picked":"Hemokinesis","floor":18},{"not_picked":["Havoc","Uppercut"],"picked":"Battle Trance","floor":20},{"not_picked":["Warcry","Twin Strike"],"picked":"Sentinel","floor":22}],"player_experience":1440490,"relics_obtained":[{"floor":6,"key":"Peace Pipe"},{"floor":9,"key":"Torii"}],"event_choices":[{"cards_removed":["Strike_R"],"damage_healed":0,"gold_gain":0,"player_choice":"Card Removal","damage_taken":7,"max_hp_gain":0,"max_hp_loss":0,"event_name":"Golden Wing","floor":3,"gold_loss":0},{"damage_healed":20,"gold_gain":0,"player_choice":"Healed","damage_taken":0,"max_hp_gain":0,"max_hp_loss":0,"event_name":"The Cleric","floor":5,"gold_loss":35},{"damage_healed":0,"gold_gain":0,"player_choice":"Lose Max HP","damage_taken":0,"relics_obtained":["Golden Idol"],"max_hp_gain":0,"max_hp_loss":6,"event_name":"Golden Idol","floor":10,"gold_loss":0},{"damage_healed":0,"gold_gain":0,"player_choice":"Got Potions","damage_taken":0,"max_hp_gain":0,"max_hp_loss":0,"event_name":"Lab","floor":11,"gold_loss":0},{"cards_removed":["Demon Form"],"damage_healed":0,"gold_gain":0,"player_choice":"Take \u0026 Give","damage_taken":0,"max_hp_gain":0,"max_hp_loss":0,"event_name":"betterNote:BetterNote","floor":19,"gold_loss":0,"cards_obtained":["Offering"]},{"damage_healed":0,"gold_gain":0,"player_choice":"Became a vampire","damage_taken":0,"max_hp_gain":0,"max_hp_loss":23,"event_name":"Vampires","floor":21,"gold_loss":0,"cards_obtained":["Bite","Bite","Bite","Bite","Bite"]}],"is_beta":false,"boss_relics":[{"not_picked":["Runic Cube","Empty Cage"],"picked":"Snecko Eye"}],"items_purged_floors":[],"is_endless":false,"potions_floor_spawned":[1,2,8],"killed_by":"Gremlin Leader","ascension_level":5}