{"gold_per_floor":[113,123,134,147,166,199,40,73,73,73,38,71,71,98,98,202,202,219,235,54,65,65],"floor_reached":22,"playtime":1205,"items_purged":["Strike_R"],"score":270,"play_id":"f74824fb-7444-456c-8f60-6e6d83ec1b9d","local_time":"20230506124531","is_ascension_mode":true,"campfire_choices":[{"data":"Spot Weakness","floor":10,"key":"SMITH"},{"floor":15,"key":"REST"}],"neow_cost":"NONE","seed_source_timestamp":150505772634600,"circlet_count":0,"master_deck":["Strike_R","Strike_R","Strike_R","Strike_R","Defend_R","Defend_R","Defend_R","Bash","Thunderclap","Inflame","Feed","Perfected Strike","Shrug It Off","Immolate","Spot Weakness+1","Disarm","Evolve","True Grit","Cleave","Spot Weakness","Metallicize+1","Power Through"],"relics":["Burning Blood","NeowsBlessing","Kunai","Red Skull","StrikeDummy","Du-Vu Doll","Frozen Egg 2"],"potions_floor_usage":[6,6,8,16,19],"damage_taken":[{"damage":0,"enemies":"Small Slimes","floor":1,"turns":1},{"damage":0,"enemies":"Cultist","floor":2,"turns":1},{"damage":0,"enemies":"2 Louse","floor":3,"turns":1},{"damage":16,"enemies":"Looter","floor":4,"turns":4},{"damage":13,"enemies":"Large Slime","floor":5,"turns":5},{"damage":12,"enemies":"Gremlin Nob","floor":6,"turns":4},{"damage":34,"enemies":"Lagavulin","floor":8,"turns":6},{"damage":25,"enemies":"3 Sentries","floor":12,"turns":5},{"damage":35,"enemies":"Lagavulin","floor":14,"turns":5},{"damage":12,"enemies":"The Guardian","floor":16,"turns":11},{"damage":35,"enemies":"Spheric Guardian","floor":18,"turns":5},{"damage":4,"enemies":"Chosen","floor":19,"turns":3},{"damage":13,"enemies":"Snake Plant","floor":21,"turns":4},{"damage":41,"enemies":"Centurion and Healer","floor":22,"turns":5}],"seed_played":"-2060922132323560837","potions_obtained":[{"floor":4,"key":"Strength Potion"},{"floor":5,"key":"HeartOfIron"},{"floor":6,"key":"ColorlessPotion"},{"floor":14,"key":"LiquidBronze"},{"floor":18,"key":"DistilledChaos"},{"floor":21,"key":"SmokeBomb"}],"is_trial":false,"path_per_floor":["M","M","M","M","M","E","$","E","T","R","?","E","?","E","R","B",null,"M","M","$","M","M"],"character_chosen":"IRONCLAD","basemod:card_modifiers":[null,null,null,null,null,null,null,null,null,null,null,null,null,null,null,null,null,null,null,null,null,null],"items_purchased":["Immolate","Spot Weakness","Metallicize+1"],"campfire_rested":1,"item_purchase_floors":[7,20,20],"current_hp_per_floor":[80,80,80,73,69,63,63,35,35,35,56,37,37,8,33,27,71,42,44,44,40,0],"gold":65,"neow_bonus":"THREE_ENEMY_KILL","is_prod":false,"is_daily":false,"chose_seed":false,"campfire_upgraded":1,"win_rate":0,"timestamp":1683391531,"path_taken":["M","M","M","M","M","E","$","E","T","R","?","E","?","E","R","BOSS","M","?","$","M","M"],"build_version":"2022-12-18","purchased_purges":1,"victory":false,"max_hp_per_floor":[80,80,80,83,86,86,86,86,86,86,86,86,86,86,86,86,86,86,86,86,89,89],"card_choices":[{"not_picked":["Flex","Heavy Blade"],"picked":"Thunderclap","floor":1},{"not_picked":["Sever Soul","Flex"],"picked":"Inflame","floor":2},{"not_picked":["Spot Weakness","Cleave"],"picked":"Feed","floor":3},{"not_picked":["Flex","Dark Embrace"],"picked":"Perfected Strike","floor":4},{"not_picked":["Wild Strike","Headbutt","Body Slam"],"picked":"SKIP","floor":5},{"not_picked":["Rampage","Dark Embrace"],"picked":"Shrug It Off","floor":6},{"not_picked":["Iron Wave","Sentinel"],"picked":"Spot Weakness","floor":8},{"not_picked":["Headbutt","Iron Wave"],"picked":"Disarm","floor":12},{"not_picked":["Dual Wield","Berserk+1"],"picked":"True Grit","floor":14},{"not_picked":["Warcry","Clothesline","Havoc+1"],"picked":"SKIP","floor":18},{"not_picked":["Combust+1","Armaments"],"picked":"Cleave","floor":19},{"not_picked":["Fire Breathing+1","Sentinel+1"],"picked":"Power Through","floor":21}],"player_experience":1443619,"relics_obtained":[{"floor":6,"key":"Kunai"},{"floor":8,"key":"Red Skull"},{"floor":9,"key":"StrikeDummy"},{"floor":12,"key":"Du-Vu Doll"},{"floor":14,"key":"Frozen Egg 2"}],"event_choices":[{"damage_healed":21,"gold_gain":0,"player_choice":"Healed","damage_taken":0,"max_hp_gain":0,"max_hp_loss":0,"event_name":"The Cleric","floor":11,"gold_loss":35},{"damage_healed":0,"gold_gain":0,"cards_transformed":["Defend_R"],"player_choice":"Transformed","damage_taken":0,"max_hp_gain":0,"max_hp_loss":0,"event_name":"Transmorgrifier","floor":13,"gold_loss":0,"cards_obtained":["Evolve"]}],"is_beta":false,"boss_relics":[{"not_picked":[]}],"items_purged_floors":[20],"is_endless":false,"potions_floor_spawned":[4,5,6,14,18,21],"killed_by":"Centurion and Healer","ascension_level":5}