{"gold_per_floor":[10,10,24,35,48,48,67,17,17,51,65,65,90,90,90,190,190,207,207,192],"floor_reached":20,"playtime":1309,"items_purged":[],"score":230,"play_id":"022e1029-fec7-4ef7-9ba5-7310ae0225b3","local_time":"20230506122505","is_ascension_mode":true,"campfire_choices":[{"data":"Limit Break","floor":6.0,"key":"SMITH"},{"data":"Flex","floor":12.0,"key":"SMITH"},{"floor":15.0,"key":"REST"}],"neow_cost":"NO_GOLD","seed_source_timestamp":149158849240500,"circlet_count":0,"master_deck":["Strike_R","Strike_R","Strike_R","Strike_R","Defend_R","Defend_R","Defend_R","Defend_R","Bash","Limit Break+1","Uppercut+1","Flex+1","Metallicize+1"],"special_seed":0,"relics":["Burning Blood","Darkstone Periapt","Art of War","StoneCalendar","Velvet Choker"],"potions_floor_usage":[16,16,20],"damage_taken":[{"damage":15.0,"enemies":"Cultist","floor":1.0,"turns":5.0},{"damage":0.0,"enemies":"Small Slimes","floor":3.0,"turns":3.0},{"damage":8.0,"enemies":"Jaw Worm","floor":4.0,"turns":4.0},{"damage":5.0,"enemies":"3 Louse","floor":5.0,"turns":4.0},{"damage":12.0,"enemies":"Blue Slaver","floor":7.0,"turns":4.0},{"damage":30.0,"enemies":"Lagavulin","floor":10.0,"turns":6.0},{"damage":14.0,"enemies":"Looter","floor":11.0,"turns":3.0},{"damage":35.0,"enemies":"3 Sentries","floor":13.0,"turns":10.0},{"damage":16,"enemies":"Slime Boss","floor":16,"turns":9},{"damage":65,"enemies":"3 Byrds","floor":18,"turns":7},{"damage":7,"enemies":"2 Thieves","floor":20,"turns":1}],"seed_played":"525629342239131119","potions_obtained":[{"floor":1.0,"key":"ElixirPotion"},{"floor":4.0,"key":"DistilledChaos"},{"floor":11.0,"key":"DuplicationPotion"},{"floor":13.0,"key":"Block Potion"},{"floor":18,"key":"Swift Potion"}],"is_trial":false,"path_per_floor":["M","$","M","M","M","R","M","?","T","E","M","R","E","?","R","B",null,"M","?","M"],"character_chosen":"IRONCLAD","basemod:card_modifiers":[null,null,null,null,null,null,null,null,null,null,null,null,null],"items_purchased":[],"campfire_rested":1,"item_purchase_floors":[],"current_hp_per_floor":[71,71,77,75,76,76,70,70,70,46,38,38,9,9,33,23,66,7,7,0],"gold":192,"neow_bonus":"THREE_RARE_CARDS","is_prod":false,"is_daily":false,"chose_seed":false,"campfire_upgraded":2,"win_rate":0,"timestamp":1683390305,"path_taken":["M","$","M","M","M","R","M","?","T","E","M","R","E","?","R","BOSS","M","?","M"],"build_version":"2022-12-18","purchased_purges":0,"victory":false,"max_hp_per_floor":[80,80,80,80,80,80,80,80,80,80,80,80,80,80,80,80,80,80,80,80],"card_choices":[{"not_picked":["Berserk","Bludgeon"],"picked":"Limit Break","floor":0.0},{"not_picked":["Pommel Strike","Shrug It Off"],"picked":"Uppercut","floor":1.0},{"not_picked":["Wild Strike","Heavy Blade","Warcry"],"picked":"SKIP","floor":3.0},{"not_picked":["Fire Breathing","Clash"],"picked":"Flex","floor":4.0},{"not_picked":["Sentinel","Brutality","Searing Blow"],"picked":"SKIP","floor":5.0},{"not_picked":["Clothesline","Warcry","Headbutt"],"picked":"SKIP","floor":7.0},{"not_picked":["Exhume","Anger","Clash"],"picked":"SKIP","floor":10.0},{"not_picked":["Body Slam","Pommel Strike","Sword Boomerang"],"picked":"SKIP","floor":11.0},{"not_picked":["Headbutt","Thunderclap","Dark Embrace"],"picked":"SKIP","floor":13.0},{"not_picked":["Havoc","Searing Blow"],"picked":"Metallicize+1","floor":18}],"player_experience":1442310,"relics_obtained":[{"floor":9.0,"key":"Darkstone Periapt"},{"floor":10.0,"key":"Art of War"},{"floor":13.0,"key":"StoneCalendar"}],"event_choices":[{"cards_removed":["Strike_R"],"damage_healed":0.0,"max_hp_gain":0.0,"max_hp_loss":0.0,"gold_gain":0.0,"event_name":"The Cleric","player_choice":"Card Removal","floor":8.0,"gold_loss":50.0,"damage_taken":0.0},{"damage_healed":0.0,"max_hp_gain":0.0,"max_hp_loss":0.0,"gold_gain":0.0,"event_name":"Liars Game","player_choice":"Ignored","floor":14.0,"gold_loss":0.0,"damage_taken":0.0},{"damage_healed":0,"gold_gain":0,"player_choice":"Forge","damage_taken":0,"max_hp_gain":0,"max_hp_loss":0,"event_name":"Accursed Blacksmith","floor":19,"gold_loss":0,"cards_upgraded":["Uppercut"]}],"is_beta":false,"boss_relics":[{"not_picked":["Snecko Eye","Black Blood"],"picked":"Velvet Choker"}],"items_purged_floors":[],"is_endless":false,"potions_floor_spawned":[1,4,11,13,18],"killed_by":"2 Thieves","ascension_level":5}