{"gold_per_floor":[111,121,138,25,42,42,70,70,70,70,70,95,107,117,117,222,222,238,253,264,82,93,93,93],"floor_reached":24,"playtime":1767,"items_purged":["Defend_R","Defend_R"],"score":263,"play_id":"fc3e5de7-39c3-4caf-9c45-f5b14aa3c706","local_time":"20230506192232","is_ascension_mode":true,"campfire_choices":[{"data":"Rupture","floor":6,"key":"SMITH"},{"data":"Limit Break","floor":8,"key":"SMITH"},{"data":"Strike_R","floor":11,"key":"PURGE"},{"floor":15,"key":"REST"},{"data":"Perfected Strike","floor":23,"key":"PURGE"}],"neow_cost":"NONE","seed_source_timestamp":173764417916600,"circlet_count":0,"master_deck":["Strike_R","Strike_R","Strike_R","Defend_R","Defend_R","Bash","Cleave","Combust","Shrug It Off","Rupture+1","Fiend Fire","Limit Break+1","Dual Wield","Iron Wave","Spot Weakness","Reaper","Ghostly Armor+1","Pummel+1","PanicButton"],"relics":["Burning Blood","Unceasing Top","Peace Pipe","Meat on the Bone","Velvet Choker"],"potions_floor_usage":[12,16,18,24],"damage_taken":[{"damage":13,"enemies":"Cultist","floor":1,"turns":6},{"damage":0,"enemies":"2 Louse","floor":2,"turns":2},{"damage":3,"enemies":"Jaw Worm","floor":3,"turns":3},{"damage":18,"enemies":"Blue Slaver","floor":5,"turns":4},{"damage":24,"enemies":"Lagavulin","floor":7,"turns":5},{"damage":22,"enemies":"3 Sentries","floor":12,"turns":5},{"damage":31,"enemies":"Large Slime","floor":13,"turns":7},{"damage":16,"enemies":"Red Slaver","floor":14,"turns":4},{"damage":41,"enemies":"Slime Boss","floor":16,"turns":6},{"damage":34,"enemies":"Shell Parasite","floor":18,"turns":5},{"damage":18,"enemies":"3 Byrds","floor":19,"turns":4},{"damage":41,"enemies":"Shelled Parasite and Fungi","floor":20,"turns":5},{"damage":22,"enemies":"Snake Plant","floor":22,"turns":4},{"damage":71,"enemies":"Slavers","floor":24,"turns":3}],"seed_played":"-4367900957287391584","potions_obtained":[{"floor":5,"key":"Fire Potion"},{"floor":7,"key":"SteroidPotion"},{"floor":16,"key":"DuplicationPotion"},{"floor":19,"key":"FearPotion"}],"is_trial":false,"path_per_floor":["M","M","M","$","M","R","E","R","T","?","R","E","M","M","R","B",null,"M","M","M","$","M","R","E"],"character_chosen":"IRONCLAD","basemod:card_modifiers":[null,null,null,null,null,null,null,null,null,null,null,null,null,null,null,null,null,null,null],"items_purchased":["Rupture","PanicButton"],"campfire_rested":1,"item_purchase_floors":[4,21],"current_hp_per_floor":[81,87,88,88,76,76,58,58,58,58,58,42,29,31,57,34,75,59,59,56,56,52,52,0],"gold":93,"neow_bonus":"TEN_PERCENT_HP_BONUS","is_prod":false,"is_daily":false,"chose_seed":false,"campfire_upgraded":2,"win_rate":0,"timestamp":1683415352,"path_taken":["M","?","M","$","M","R","E","R","T","?","R","E","M","M","R","BOSS","M","M","M","$","M","R","E"],"build_version":"2022-12-18","purchased_purges":2,"victory":false,"max_hp_per_floor":[88,88,88,88,88,88,88,88,88,88,88,88,88,88,88,88,88,88,88,88,88,88,88,88],"card_choices":[{"not_picked":["Perfected Strike","Sword Boomerang"],"picked":"Cleave","floor":1},{"not_picked":["Perfected Strike","Reckless Charge"],"picked":"Combust","floor":2},{"not_picked":["Battle Trance","Clothesline"],"picked":"Shrug It Off","floor":3},{"not_picked":["Clothesline","Headbutt"],"picked":"Fiend Fire","floor":5},{"not_picked":["Clothesline","Twin Strike"],"picked":"Limit Break","floor":7},{"not_picked":["Clash","Whirlwind"],"picked":"Dual Wield","floor":12},{"not_picked":["True Grit","Shockwave"],"picked":"Iron Wave","floor":13},{"not_picked":["Whirlwind","Shrug It Off"],"picked":"Spot Weakness","floor":14},{"not_picked":["Exhume","Demon Form"],"picked":"Reaper","floor":16},{"not_picked":["Spot Weakness","Combust+1"],"picked":"Ghostly Armor+1","floor":18},{"not_picked":["True Grit+1","Havoc"],"picked":"Pummel+1","floor":19},{"not_picked":["Cleave+1","Feel No Pain","Sword Boomerang"],"picked":"SKIP","floor":20},{"not_picked":["Shrug It Off","Rupture","Pommel Strike+1"],"picked":"SKIP","floor":22}],"player_experience":1446370,"relics_obtained":[{"floor":7,"key":"Unceasing Top"},{"floor":9,"key":"Peace Pipe"},{"floor":12,"key":"Meat on the Bone"}],"event_choices":[{"damage_healed":0,"gold_gain":0,"cards_transformed":["Strike_R"],"player_choice":"Change","damage_taken":0,"max_hp_gain":0,"max_hp_loss":0,"event_name":"Living Wall","floor":10,"gold_loss":0,"cards_obtained":["Perfected Strike"]}],"is_beta":false,"boss_relics":[{"not_picked":["Mark of Pain","Calling Bell"],"picked":"Velvet Choker"}],"items_purged_floors":[4,21],"is_endless":false,"potions_floor_spawned":[5,7,16,19],"killed_by":"Slavers","ascension_level":5}