{"gold_per_floor":[109,119,119,136,62,62,104,120,120,120,156,120,141,120,120,228,300,315,295,253,24,45,86,98,123,135,247,268,280],"floor_reached":29,"playtime":1161,"items_purged":["Rampage"],"score":314,"play_id":"d92c95d8-887f-4a34-87e8-45e289905d4a","local_time":"20230505185412","is_ascension_mode":true,"campfire_choices":[{"data":"Metallicize","floor":6,"key":"SMITH"},{"data":"Iron Wave","floor":10,"key":"SMITH"},{"data":"Body Slam","floor":15,"key":"SMITH"},{"data":"Barricade","floor":24,"key":"SMITH"}],"neow_cost":"NONE","seed_source_timestamp":86268453630100,"circlet_count":0,"master_deck":["Bash","Iron Wave+1","Thunderclap","Sword Boomerang","Metallicize+1","Shrug It Off","Flame Barrier","Body Slam+1","Ghostly Armor","Barricade+1","Anger","Flame Barrier","Searing Blow","Shockwave","Heavy Blade","Pommel Strike","Infernal Blade","Offering","Second Wind","Cleave+1","Decay"],"relics":["Burning Blood","CeramicFish","Art of War","Self Forming Clay","Pandora\u0027s Box","Vajra","MawBank","Calipers"],"potions_floor_usage":[7,11,23],"damage_taken":[{"damage":11,"enemies":"Jaw Worm","floor":1,"turns":4},{"damage":9,"enemies":"Small Slimes","floor":2,"turns":4},{"damage":3,"enemies":"2 Louse","floor":4,"turns":3},{"damage":21,"enemies":"3 Sentries","floor":7,"turns":10},{"damage":6,"enemies":"Blue Slaver","floor":8,"turns":4},{"damage":25,"enemies":"Lagavulin","floor":11,"turns":7},{"damage":5,"enemies":"Lots of Slimes","floor":13,"turns":2},{"damage":0,"enemies":"Looter","floor":14,"turns":4},{"damage":29,"enemies":"The Guardian","floor":16,"turns":14},{"damage":15,"enemies":"Spheric Guardian","floor":18,"turns":6},{"damage":11,"enemies":"Shell Parasite","floor":22,"turns":6},{"damage":49,"enemies":"Gremlin Leader","floor":23,"turns":9},{"damage":8,"enemies":"3 Cultists","floor":25,"turns":6}],"seed_played":"-3802254742512518691","potions_obtained":[{"floor":1,"key":"BlessingOfTheForge"},{"floor":8,"key":"Swift Potion"},{"floor":13,"key":"Ancient Potion"},{"floor":18,"key":"DuplicationPotion"},{"floor":19,"key":"ElixirPotion"}],"is_trial":false,"path_per_floor":["M","M","?","M","$","R","E","M","T","R","E","?","M","M","R","B",null,"M","?","?","$","M","E","R","M","T","?","?","R"],"character_chosen":"IRONCLAD","basemod:card_modifiers":[null,null,null,null,null,null,null,null,null,null,null,null,null,null,null,null,null,null,null,null,null],"items_purchased":["Metallicize","Vajra"],"campfire_rested":0,"item_purchase_floors":[5,21],"current_hp_per_floor":[83,80,80,83,83,83,68,68,68,68,49,49,50,56,56,33,74,65,65,65,65,60,17,17,15,15,15,15,15],"gold":280,"neow_bonus":"TEN_PERCENT_HP_BONUS","is_prod":false,"is_daily":false,"chose_seed":false,"campfire_upgraded":4,"win_rate":0,"timestamp":1683327252,"path_taken":["M","M","?","M","$","R","E","M","T","R","E","?","M","M","R","BOSS","M","?","?","$","?","E","R","M","T","?","?","R"],"build_version":"2022-12-18","purchased_purges":1,"victory":false,"max_hp_per_floor":[88,88,88,88,88,88,88,88,88,88,88,88,88,88,88,88,88,88,88,88,88,88,88,88,88,88,88,88,88],"card_choices":[{"not_picked":["Sword Boomerang","Pommel Strike"],"picked":"Iron Wave","floor":1},{"not_picked":["Havoc","Headbutt"],"picked":"Thunderclap","floor":2},{"not_picked":["Wild Strike","Demon Form"],"picked":"Sword Boomerang","floor":4},{"not_picked":["Bloodletting","Armaments"],"picked":"Shrug It Off","floor":7},{"not_picked":["Shrug It Off","True Grit","Sentinel"],"picked":"SKIP","floor":8},{"not_picked":["Intimidate","Dark Embrace"],"picked":"Flame Barrier","floor":11},{"not_picked":["True Grit","Pommel Strike"],"picked":"Body Slam","floor":13},{"not_picked":["Uppercut","Reaper"],"picked":"Ghostly Armor","floor":14},{"not_picked":["Brutality","Bludgeon"],"picked":"Barricade","floor":16},{"not_picked":["Clothesline","Pommel Strike+1","Searing Blow"],"picked":"SKIP","floor":18},{"not_picked":["Clothesline","Wild Strike"],"picked":"Second Wind","floor":22},{"not_picked":["Evolve","Uppercut"],"picked":"Cleave+1","floor":23},{"not_picked":["Exhume","Sword Boomerang","Bloodletting"],"picked":"SKIP","floor":25}],"player_experience":1439329,"relics_obtained":[{"floor":7,"key":"CeramicFish"},{"floor":9,"key":"Art of War"},{"floor":11,"key":"Self Forming Clay"},{"floor":23,"key":"MawBank"},{"floor":26,"key":"Calipers"}],"event_choices":[{"damage_healed":0,"gold_gain":0,"cards_transformed":["Strike_R"],"player_choice":"Change","damage_taken":0,"max_hp_gain":0,"max_hp_loss":0,"event_name":"Living Wall","floor":3,"gold_loss":0,"cards_obtained":["Flex"]},{"damage_healed":0,"gold_gain":0,"player_choice":"Left Gold","damage_taken":0,"max_hp_gain":0,"max_hp_loss":0,"event_name":"World of Goop","floor":12,"gold_loss":36},{"damage_healed":0,"gold_gain":0,"player_choice":"Bought 1 Potion","damage_taken":0,"max_hp_gain":0,"max_hp_loss":0,"event_name":"The Woman in Blue","floor":19,"gold_loss":0},{"damage_healed":0,"gold_gain":0,"cards_transformed":["Thunderclap","Flex"],"player_choice":"Transformed Cards","damage_taken":0,"max_hp_gain":0,"max_hp_loss":0,"event_name":"Designer","floor":20,"gold_loss":60,"cards_obtained":["Infernal Blade","Offering"]},{"damage_healed":0,"gold_gain":100,"player_choice":"Pray","damage_taken":0,"max_hp_gain":0,"max_hp_loss":0,"event_name":"Golden Shrine","floor":27,"gold_loss":0},{"damage_healed":0,"gold_gain":0,"player_choice":"Smashed Altar","damage_taken":0,"max_hp_gain":0,"max_hp_loss":0,"event_name":"Forgotten Altar","floor":28,"gold_loss":0,"cards_obtained":["Decay"]}],"is_beta":false,"boss_relics":[{"not_picked":["Tiny House","SacredBark"],"picked":"Pandora\u0027s Box"}],"items_purged_floors":[21],"is_endless":false,"potions_floor_spawned":[1,8,13,18,22],"ascension_level":5}