{"gold_per_floor":[110,121,121,139,32,364,375,402,480,480,535,535,562,575,575,575],"floor_reached":16,"playtime":747,"items_purged":[],"score":138,"play_id":"3ba6c6d2-c33c-4285-82de-5597ef64adb7","local_time":"20230506185156","is_ascension_mode":true,"campfire_choices":[{"floor":12,"key":"REST"},{"data":"Pommel Strike","floor":15,"key":"SMITH"}],"neow_cost":"NONE","seed_source_timestamp":172947911554300,"circlet_count":0,"master_deck":["Strike_R+1","Strike_R+1","Strike_R","Strike_R","Strike_R","Defend_R","Defend_R","Defend_R","Defend_R","Bash","Pommel Strike+1","Shrug It Off","Ghostly Armor","Metallicize","Wild Strike","Uppercut","Battle Trance","Impervious","Intimidate","Flame Barrier"],"relics":["Burning Blood","NeowsBlessing","Old Coin","Calipers","Letter Opener","Omamori","Blood Vial","Odd Mushroom"],"potions_floor_usage":[7,8,16,16],"damage_taken":[{"damage":0,"enemies":"2 Louse","floor":1,"turns":1},{"damage":0,"enemies":"Small Slimes","floor":2,"turns":1},{"damage":0,"enemies":"Jaw Worm","floor":4,"turns":1},{"damage":18,"enemies":"Gremlin Nob","floor":6,"turns":4},{"damage":4,"enemies":"2 Fungi Beasts","floor":7,"turns":3},{"damage":25,"enemies":"Lagavulin","floor":8,"turns":8},{"damage":28,"enemies":"3 Sentries","floor":11,"turns":9},{"damage":21,"enemies":"The Mushroom Lair","floor":13,"turns":7},{"damage":0,"enemies":"Large Slime","floor":14,"turns":5},{"damage":44,"enemies":"Slime Boss","floor":16,"turns":10}],"seed_played":"-5053103623449303280","potions_obtained":[{"floor":2,"key":"Fire Potion"},{"floor":6,"key":"Fruit Juice"},{"floor":7,"key":"ColorlessPotion"},{"floor":8,"key":"Ancient Potion"},{"floor":14,"key":"BlessingOfTheForge"}],"is_trial":false,"path_per_floor":["M","M","?","M","$","E","M","E","T","?","?","R","?","M","R","B"],"character_chosen":"IRONCLAD","basemod:card_modifiers":[null,null,null,null,null,null,null,null,null,null,null,null,null,null,null,null,null,null,null,null],"items_purchased":["Metallicize","Wild Strike"],"campfire_rested":1,"item_purchase_floors":[5,5],"current_hp_per_floor":[80,80,64,70,70,58,60,41,41,38,16,40,27,35,35,0],"gold":575,"neow_bonus":"THREE_ENEMY_KILL","is_prod":false,"is_daily":false,"chose_seed":false,"campfire_upgraded":1,"win_rate":0,"timestamp":1683413516,"path_taken":["M","M","?","M","$","E","M","E","T","?","?","R","?","M","R","BOSS"],"build_version":"2022-12-18","purchased_purges":0,"victory":false,"max_hp_per_floor":[80,80,80,80,80,80,80,80,80,80,80,80,80,80,80,85],"card_choices":[{"not_picked":["Flex","Clothesline"],"picked":"Pommel Strike","floor":1},{"not_picked":["Whirlwind","Anger"],"picked":"Shrug It Off","floor":2},{"not_picked":["Body Slam","Rupture"],"picked":"Ghostly Armor","floor":4},{"not_picked":["Twin Strike","Dropkick"],"picked":"Uppercut","floor":6},{"not_picked":["Entrench","Rupture"],"picked":"Battle Trance","floor":7},{"not_picked":["Metallicize","Second Wind"],"picked":"Impervious","floor":8},{"not_picked":["Heavy Blade","Combust"],"picked":"Intimidate","floor":11},{"not_picked":["Feel No Pain","Pommel Strike"],"picked":"Flame Barrier","floor":13},{"not_picked":["Warcry","Searing Blow","Body Slam"],"picked":"SKIP","floor":14}],"player_experience":1445623,"relics_obtained":[{"floor":6,"key":"Old Coin"},{"floor":8,"key":"Calipers"},{"floor":9,"key":"Letter Opener"},{"floor":11,"key":"Blood Vial"},{"floor":13,"key":"Odd Mushroom"}],"event_choices":[{"damage_healed":0,"gold_gain":0,"player_choice":"Entered Light","damage_taken":16,"max_hp_gain":0,"max_hp_loss":0,"event_name":"Shining Light","floor":3,"gold_loss":0,"cards_upgraded":["Strike_R","Strike_R"]},{"damage_healed":0,"gold_gain":0,"player_choice":"Success","damage_taken":3,"relics_obtained":["Omamori"],"max_hp_gain":0,"max_hp_loss":0,"event_name":"Scrap Ooze","floor":10,"gold_loss":0},{"damage_healed":0,"gold_gain":0,"player_choice":"Searched \u00272\u0027 times","damage_taken":0,"max_hp_gain":0,"max_hp_loss":0,"event_name":"Dead Adventurer","floor":11,"gold_loss":0},{"damage_healed":0,"gold_gain":0,"player_choice":"Fought Mushrooms","damage_taken":0,"max_hp_gain":0,"max_hp_loss":0,"event_name":"Mushrooms","floor":13,"gold_loss":0}],"is_beta":false,"boss_relics":[],"items_purged_floors":[],"is_endless":false,"potions_floor_spawned":[2,6,7,8,14],"killed_by":"Slime Boss","ascension_level":5}