{"gold_per_floor":[113,132,148,167,47,82,82,112,112,132,159,159,259,87,87,87],"floor_reached":16,"playtime":826,"items_purged":["Defend_R","Strike_R"],"score":150,"play_id":"e189eb5b-e1ed-4663-86ff-fbc013b74a15","local_time":"20230506120224","is_ascension_mode":true,"campfire_choices":[{"data":"Entrench","floor":7,"key":"SMITH"},{"data":"Iron Wave","floor":12,"key":"SMITH"},{"floor":15,"key":"REST"}],"neow_cost":"NONE","seed_source_timestamp":148297818824100,"circlet_count":0,"master_deck":["Strike_R","Strike_R","Strike_R","Strike_R","Defend_R","Defend_R","Defend_R","Bash","Offering","Infernal Blade","Iron Wave+1","Iron Wave","Iron Wave","Entrench+1","Body Slam","Combust","Inflame"],"relics":["Burning Blood","Bag of Marbles","Blood Vial","Singing Bowl","Kunai"],"potions_floor_usage":[6,8,8,16],"damage_taken":[{"damage":13,"enemies":"Jaw Worm","floor":1,"turns":3},{"damage":6,"enemies":"Cultist","floor":2,"turns":2},{"damage":6,"enemies":"2 Louse","floor":3,"turns":2},{"damage":10,"enemies":"Red Slaver","floor":4,"turns":3},{"damage":18,"enemies":"Gremlin Nob","floor":6,"turns":3},{"damage":11,"enemies":"Lagavulin","floor":8,"turns":3},{"damage":7,"enemies":"2 Fungi Beasts","floor":10,"turns":3},{"damage":47,"enemies":"3 Sentries","floor":11,"turns":9},{"damage":44,"enemies":"The Guardian","floor":16,"turns":9}],"seed_played":"8616170413464517624","potions_obtained":[{"floor":2,"key":"Weak Potion"},{"floor":3,"key":"Weak Potion"},{"floor":6,"key":"Fire Potion"},{"floor":10,"key":"ElixirPotion"}],"is_trial":false,"path_per_floor":["M","M","M","M","$","E","R","E","T","M","E","R","?","$","R","B"],"character_chosen":"IRONCLAD","basemod:card_modifiers":[null,null,null,null,null,null,null,null,null,null,null,null,null,null,null,null,null],"items_purchased":["Iron Wave","Inflame"],"campfire_rested":1,"item_purchase_floors":[5,14],"current_hp_per_floor":[73,73,73,69,69,57,57,52,52,53,16,16,16,16,40,0],"gold":87,"neow_bonus":"ONE_RANDOM_RARE_CARD","is_prod":false,"is_daily":false,"chose_seed":false,"campfire_upgraded":2,"win_rate":0,"timestamp":1683388944,"path_taken":["M","M","M","M","$","E","R","E","T","M","E","R","?","$","R","BOSS"],"build_version":"2022-12-18","purchased_purges":2,"victory":false,"max_hp_per_floor":[80,80,80,80,80,80,80,80,80,80,82,82,82,82,82,82],"card_choices":[{"not_picked":["Wild Strike","Flex"],"picked":"Infernal Blade","floor":1},{"not_picked":["Headbutt","Wild Strike","Sword Boomerang"],"picked":"SKIP","floor":2},{"not_picked":["Blood for Blood","Shrug It Off"],"picked":"Iron Wave","floor":3},{"not_picked":["Sword Boomerang","Havoc"],"picked":"Iron Wave","floor":4},{"not_picked":["Perfected Strike","Carnage"],"picked":"Entrench","floor":6},{"not_picked":["Thunderclap","Clothesline"],"picked":"Body Slam","floor":8},{"not_picked":["Clothesline","Iron Wave"],"picked":"Combust","floor":10},{"not_picked":["Ghostly Armor","Uppercut","Sentinel"],"picked":"Singing Bowl","floor":11}],"player_experience":1441484,"relics_obtained":[{"floor":6,"key":"Bag of Marbles"},{"floor":8,"key":"Blood Vial"},{"floor":9,"key":"Singing Bowl"},{"floor":11,"key":"Kunai"}],"event_choices":[{"damage_healed":0,"gold_gain":100,"player_choice":"Pray","damage_taken":0,"max_hp_gain":0,"max_hp_loss":0,"event_name":"Golden Shrine","floor":13,"gold_loss":0}],"is_beta":false,"boss_relics":[],"items_purged_floors":[5,14],"is_endless":false,"potions_floor_spawned":[2,3,6,10],"killed_by":"The Guardian","ascension_level":5}