{"neow_bonuses_skipped_log":["TRANSFORM_CARD","THREE_SMALL_POTIONS","BOSS_RELIC"],"neow_costs_skipped_log":["NONE","NONE","NONE"],"potions_obtained_entropic_brew":[[],[],[],[],[],[],[],[],[],[],[],[],[],[],[],[]],"gold_per_floor":[113,113,131,131,144,144,164,180,180,180,199,9,20,36,36,36],"floor_reached":16,"playtime":781,"items_purged":[],"score":192,"play_id":"af8a5741-ed0c-4363-9f8e-55edf92c74f5","local_time":"20230614195842","score_breakdown":["Floors Climbed (16): 80","Enemies Slain (8): 16","Exordium Elites Killed (0): 0","Bosses Slain (0): 0","Ascension (20): 96"],"is_ascension_mode":true,"potions_obtained_alchemize":[[],[],[],[],[],[],[],[],[],[],[],[],[],[],[],[]],"campfire_choices":[{"data":"Iron Wave","floor":6,"key":"SMITH"},{"data":"True Grit","floor":10,"key":"SMITH"},{"data":"Power Through","floor":15,"key":"SMITH"}],"lesson_learned_per_floor":[[],[],[],[],[],[],[],[],[],[],[],[],[],[],[],[]],"neow_cost":"PERCENT_DAMAGE","improvable_cards":{},"seed_source_timestamp":1495933785820400,"shop_contents":[{"floor":12,"relics":["Pantograph","Mercury Hourglass"],"cards":["Carnage","Flex","Battle Trance","Combust","PanicButton","Violence"],"potions":["ColorlessPotion","CultistPotion","GamblersBrew"]}],"circlet_count":0,"master_deck":["AscendersBane","Strike_R","Strike_R","Strike_R","Strike_R+1","Strike_R","Defend_R","Defend_R","Defend_R","Defend_R","Bash","True Grit+1","Iron Wave+1","Shrug It Off","Pummel","True Grit+1","Clothesline","Power Through+1"],"potion_use_per_floor":[[],[],[],[],[],[],["DistilledChaos"],[],[],[],[],[],["AttackPotion"],[],[],["ElixirPotion"]],"relics":["Burning Blood","TungstenRod","Meat on the Bone","Membership Card"],"potions_floor_usage":[7,13,16],"damage_taken":[{"damage":7,"enemies":"Jaw Worm","floor":1,"turns":4},{"damage":8,"enemies":"Small Slimes","floor":3,"turns":5},{"damage":5,"enemies":"2 Louse","floor":5,"turns":3},{"damage":1,"enemies":"Large Slime","floor":7,"turns":6},{"damage":2,"enemies":"3 Louse","floor":8,"turns":4},{"damage":0,"enemies":"Looter","floor":11,"turns":4},{"damage":0,"enemies":"Exordium Thugs","floor":13,"turns":4},{"damage":5,"enemies":"3 Louse","floor":14,"turns":6},{"damage":55,"enemies":"The Guardian","floor":16,"turns":15}],"seed_played":"4229800274437598228","neow_bonus_log":{"cardsObtained":[],"cardsUpgraded":[],"cardsRemoved":[],"cardsTransformed":[],"relicsObtained":["TungstenRod"],"maxHpGained":0,"goldGained":0,"damageTaken":18,"goldLost":0,"maxHpLost":0},"potions_obtained":[{"floor":5,"key":"DistilledChaos"},{"floor":11,"key":"AttackPotion"},{"floor":13,"key":"ElixirPotion"}],"is_trial":false,"path_per_floor":["M","?","M","?","M","R","M","M","T","R","M","$","M","M","R","B"],"character_chosen":"IRONCLAD","basemod:card_modifiers":[null,null,null,null,null,null,null,null,null,null,null,null,null,null,null,null,null,null],"items_purchased":["Membership Card","Clothesline"],"campfire_rested":0,"item_purchase_floors":[12,12],"current_hp_per_floor":[49,49,47,25,26,26,31,35,35,35,53,53,59,60,60,5],"gold":36,"neow_bonus":"ONE_RARE_RELIC","is_prod":false,"is_daily":false,"rewards_skipped":[],"chose_seed":false,"campfire_upgraded":3,"win_rate":0,"floor_exit_playtime":[91,94,168,175,211,243,309,370,374,381,432,445,491,598,603],"timestamp":1686787122,"path_taken":["M","?","M","?","M","R","M","?","T","R","M","$","M","M","R","BOSS"],"build_version":"2022-12-18","purchased_purges":0,"victory":false,"max_hp_per_floor":[75,75,75,75,75,75,75,75,75,75,75,75,75,75,75,75],"card_choices":[{"not_picked":["Anger","Flex"],"picked":"True Grit","floor":1},{"not_picked":["Heavy Blade","Pummel"],"picked":"Iron Wave","floor":3},{"not_picked":["Second Wind","Bloodletting"],"picked":"Shrug It Off","floor":5},{"not_picked":["Iron Wave","Clash"],"picked":"Pummel","floor":7},{"not_picked":["Whirlwind","Entrench"],"picked":"True Grit","floor":8},{"not_picked":["Flex","Headbutt","Clash"],"picked":"SKIP","floor":11},{"not_picked":["Dropkick","True Grit"],"picked":"Power Through","floor":13},{"not_picked":["Dropkick","Thunderclap","Heavy Blade"],"picked":"SKIP","floor":14}],"player_experience":1463471,"relics_obtained":[{"floor":9,"key":"Meat on the Bone"}],"event_choices":[{"damage_healed":0,"gold_gain":0,"player_choice":"Ignored","damage_taken":0,"max_hp_gain":0,"max_hp_loss":0,"event_name":"Liars Game","floor":2,"gold_loss":0},{"damage_healed":0,"gold_gain":0,"player_choice":"Entered Light","damage_taken":23,"max_hp_gain":0,"max_hp_loss":0,"event_name":"Shining Light","floor":4,"gold_loss":0,"cards_upgraded":["True Grit","Strike_R"]}],"is_beta":false,"boss_relics":[],"items_purged_floors":[],"is_endless":false,"potions_floor_spawned":[5,11,13],"killed_by":"The Guardian","ascension_level":20,"potion_discard_per_floor":[[],[],[],[],[],[],[],[],[],[],[],[],[],[],[],[]]}