{
  "neow_bonuses_skipped_log": ["TEN_PERCENT_HP_BONUS"],
  "neow_costs_skipped_log": ["NONE"],
  "potions_obtained_entropic_brew": [
    [],
    [],
    [],
    [],
    [],
    [],
    [],
    [],
    [],
    [],
    [],
    [],
    [],
    [],
    [],
    []
  ],
  "gold_per_floor": [
    116, 133, 149, 160, 178, 178, 207, 222, 295, 330, 352, 372, 372, 372, 372,
    372
  ],
  "floor_reached": 16,
  "playtime": 589,
  "items_purged": [],
  "score": 114,
  "play_id": "5fee8d1d-0700-4003-bbfc-a7fcd49b2007",
  "local_time": "20230615065233",
  "score_breakdown": [
    "Floors Climbed (16): 80",
    "Enemies Slain (7): 14",
    "Exordium Elites Killed (2): 20",
    "Bosses Slain (0): 0"
  ],
  "is_ascension_mode": false,
  "potions_obtained_alchemize": [
    [],
    [],
    [],
    [],
    [],
    [],
    [],
    [],
    [],
    [],
    [],
    [],
    [],
    [],
    [],
    []
  ],
  "campfire_choices": [
    { "data": "Body Slam", "floor": 6, "key": "SMITH" },
    { "data": "Combust", "floor": 15, "key": "SMITH" }
  ],
  "lesson_learned_per_floor": [
    [],
    [],
    [],
    [],
    [],
    [],
    [],
    [],
    [],
    [],
    [],
    [],
    [],
    [],
    [],
    []
  ],
  "neow_cost": "NONE",
  "improvable_cards": {},
  "seed_source_timestamp": 1535354476954800,
  "shop_contents": [],
  "circlet_count": 0,
  "master_deck": [
    "Strike_R",
    "Strike_R",
    "Strike_R",
    "Strike_R",
    "Defend_R",
    "Defend_R",
    "Defend_R",
    "Defend_R",
    "Bash",
    "Body Slam+1",
    "Iron Wave",
    "Cleave",
    "Ghostly Armor",
    "Twin Strike",
    "Sword Boomerang",
    "Heavy Blade",
    "Shrug It Off",
    "Combust+1"
  ],
  "potion_use_per_floor": [
    [],
    [],
    [],
    [],
    [],
    [],
    ["SteroidPotion", "LiquidBronze"],
    [],
    [],
    [],
    [],
    [],
    [],
    [],
    [],
    ["PowerPotion"]
  ],
  "relics": [
    "Burning Blood",
    "NeowsBlessing",
    "Magic Flower",
    "Shuriken",
    "Vajra",
    "Odd Mushroom",
    "Gremlin Horn"
  ],
  "potions_floor_usage": [7, 7, 16],
  "damage_taken": [
    { "damage": 0, "enemies": "Cultist", "floor": 1, "turns": 1 },
    { "damage": 0, "enemies": "Jaw Worm", "floor": 2, "turns": 1 },
    { "damage": 0, "enemies": "Small Slimes", "floor": 3, "turns": 1 },
    { "damage": 0, "enemies": "Exordium Wildlife", "floor": 4, "turns": 3 },
    { "damage": 8, "enemies": "Large Slime", "floor": 5, "turns": 7 },
    { "damage": 31, "enemies": "Lagavulin", "floor": 7, "turns": 6 },
    { "damage": 5, "enemies": "Looter", "floor": 8, "turns": 3 },
    { "damage": 17, "enemies": "3 Sentries", "floor": 10, "turns": 6 },
    { "damage": 5, "enemies": "The Mushroom Lair", "floor": 11, "turns": 4 },
    { "damage": 6, "enemies": "Exordium Wildlife", "floor": 12, "turns": 3 },
    { "damage": 53, "enemies": "The Guardian", "floor": 16, "turns": 9 }
  ],
  "seed_played": "-1169133478749628495",
  "neow_bonus_log": {
    "cardsObtained": [],
    "cardsUpgraded": [],
    "cardsRemoved": [],
    "cardsTransformed": [],
    "relicsObtained": ["NeowsBlessing"],
    "maxHpGained": 0,
    "goldGained": 0,
    "damageTaken": 0,
    "goldLost": 0,
    "maxHpLost": 0
  },
  "potions_obtained": [
    { "floor": 3, "key": "SteroidPotion" },
    { "floor": 5, "key": "LiquidBronze" },
    { "floor": 7, "key": "Ancient Potion" },
    { "floor": 11, "key": "PowerPotion" }
  ],
  "is_trial": false,
  "path_per_floor": [
    "M",
    "M",
    "M",
    "M",
    "M",
    "R",
    "E",
    "M",
    "T",
    "E",
    "?",
    "M",
    "?",
    "?",
    "R",
    "B"
  ],
  "character_chosen": "IRONCLAD",
  "basemod:card_modifiers": [
    null,
    null,
    null,
    null,
    null,
    null,
    null,
    null,
    null,
    null,
    null,
    null,
    null,
    null,
    null,
    null,
    null,
    null
  ],
  "items_purchased": [],
  "campfire_rested": 0,
  "item_purchase_floors": [],
  "current_hp_per_floor": [
    80, 80, 80, 80, 78, 78, 53, 57, 57, 49, 53, 56, 56, 53, 53, 0
  ],
  "gold": 372,
  "neow_bonus": "THREE_ENEMY_KILL",
  "is_prod": false,
  "is_daily": false,
  "rewards_skipped": [],
  "chose_seed": false,
  "campfire_upgraded": 2,
  "win_rate": 0,
  "floor_exit_playtime": [
    20, 29, 40, 70, 146, 152, 222, 256, 260, 346, 411, 453, 460, 463, 482
  ],
  "timestamp": 1686826353,
  "path_taken": [
    "M",
    "?",
    "M",
    "?",
    "M",
    "R",
    "E",
    "M",
    "T",
    "E",
    "?",
    "M",
    "?",
    "?",
    "R",
    "BOSS"
  ],
  "build_version": "2022-12-18",
  "purchased_purges": 0,
  "victory": false,
  "max_hp_per_floor": [
    80, 80, 80, 80, 80, 80, 80, 80, 80, 80, 80, 80, 80, 80, 80, 80
  ],
  "card_choices": [
    {
      "not_picked": ["Havoc", "Fire Breathing"],
      "picked": "Body Slam",
      "floor": 1
    },
    {
      "not_picked": ["Heavy Blade", "Twin Strike"],
      "picked": "Iron Wave",
      "floor": 2
    },
    { "not_picked": ["Shockwave", "Pummel"], "picked": "Cleave", "floor": 3 },
    {
      "not_picked": ["Headbutt", "Burning Pact"],
      "picked": "Ghostly Armor",
      "floor": 4
    },
    {
      "not_picked": ["Exhume", "Burning Pact"],
      "picked": "Twin Strike",
      "floor": 5
    },
    {
      "not_picked": ["Searing Blow", "Wild Strike", "Havoc"],
      "picked": "SKIP",
      "floor": 7
    },
    {
      "not_picked": ["Heavy Blade", "Warcry"],
      "picked": "Sword Boomerang",
      "floor": 8
    },
    {
      "not_picked": ["Sword Boomerang", "Clothesline"],
      "picked": "Heavy Blade",
      "floor": 10
    },
    {
      "not_picked": ["Brutality", "Disarm"],
      "picked": "Shrug It Off",
      "floor": 11
    },
    {
      "not_picked": ["Perfected Strike", "Headbutt", "Warcry"],
      "picked": "SKIP",
      "floor": 12
    }
  ],
  "player_experience": 1466084,
  "relics_obtained": [
    { "floor": 7, "key": "Magic Flower" },
    { "floor": 9, "key": "Shuriken" },
    { "floor": 10, "key": "Vajra" },
    { "floor": 11, "key": "Odd Mushroom" }
  ],
  "event_choices": [
    {
      "damage_healed": 0,
      "gold_gain": 0,
      "player_choice": "Fought Mushrooms",
      "damage_taken": 0,
      "max_hp_gain": 0,
      "max_hp_loss": 0,
      "event_name": "Mushrooms",
      "floor": 11,
      "gold_loss": 0
    },
    {
      "damage_healed": 0,
      "gold_gain": 0,
      "cards_transformed": ["Strike_R"],
      "player_choice": "Change",
      "damage_taken": 0,
      "max_hp_gain": 0,
      "max_hp_loss": 0,
      "event_name": "Living Wall",
      "floor": 13,
      "gold_loss": 0,
      "cards_obtained": ["Combust"]
    },
    {
      "damage_healed": 0,
      "gold_gain": 0,
      "player_choice": "Success",
      "damage_taken": 3,
      "relics_obtained": ["Gremlin Horn"],
      "max_hp_gain": 0,
      "max_hp_loss": 0,
      "event_name": "Scrap Ooze",
      "floor": 14,
      "gold_loss": 0
    }
  ],
  "is_beta": false,
  "boss_relics": [],
  "items_purged_floors": [],
  "is_endless": false,
  "potions_floor_spawned": [3, 5, 7, 11],
  "killed_by": "The Guardian",
  "ascension_level": 0,
  "potion_discard_per_floor": [
    [],
    [],
    [],
    [],
    [],
    [],
    [],
    [],
    [],
    [],
    [],
    [],
    [],
    [],
    [],
    []
  ]
}
