{
  "neow_bonuses_skipped_log": [
    "TRANSFORM_CARD",
    "TEN_PERCENT_HP_BONUS",
    "BOSS_RELIC"
  ],
  "neow_costs_skipped_log": ["NONE", "NONE", "NONE"],
  "potions_obtained_entropic_brew": [
    [],
    [],
    [],
    [],
    [],
    [],
    [],
    [],
    [],
    [],
    [],
    [],
    [],
    [],
    [],
    [],
    [],
    [],
    [],
    [],
    [],
    [],
    [],
    [],
    [],
    [],
    [],
    [],
    [],
    [],
    [],
    [],
    [],
    [],
    [],
    [],
    [],
    [],
    [],
    []
  ],
  "gold_per_floor": [
    119, 22, 36, 51, 51, 51, 82, 82, 82, 82, 116, 116, 147, 182, 182, 260, 260,
    271, 271, 271, 283, 51, 86, 86, 112, 138, 138, 138, 7, 7, 7, 7, 84, 84, 96,
    150, 19, 39, 39, 39
  ],
  "floor_reached": 40,
  "playtime": 1559,
  "items_purged": ["Reckless Charge+1", "Defend_R", "Strike_R"],
  "score": 873,
  "play_id": "99307e95-4e6e-4a0e-a9a6-ae91cb29f78b",
  "local_time": "20230614202455",
  "score_breakdown": [
    "Floors Climbed (40): 200",
    "Enemies Slain (7): 14",
    "Exordium Elites Killed (4): 40",
    "City Elites Killed (1): 20",
    "Beyond Elites Killed (0): 0",
    "Bosses Slain (2): 150",
    "Well Fed: 25",
    "Ascension (20): 424"
  ],
  "is_ascension_mode": true,
  "potions_obtained_alchemize": [
    [],
    [],
    [],
    [],
    [],
    [],
    [],
    [],
    [],
    [],
    [],
    [],
    [],
    [],
    [],
    [],
    [],
    [],
    [],
    [],
    [],
    [],
    [],
    [],
    [],
    [],
    [],
    [],
    [],
    [],
    [],
    [],
    [],
    [],
    [],
    [],
    [],
    [],
    [],
    []
  ],
  "campfire_choices": [
    { "data": "Feed", "floor": 6, "key": "SMITH" },
    { "data": "Combust", "floor": 8, "key": "SMITH" },
    { "data": "Offering", "floor": 10, "key": "SMITH" },
    { "data": "Shockwave", "floor": 12, "key": "SMITH" },
    { "floor": 15, "key": "REST" },
    { "data": "Juggernaut", "floor": 24, "key": "SMITH" },
    { "floor": 27, "key": "REST" },
    { "data": "Flame Barrier", "floor": 28, "key": "SMITH" },
    { "floor": 32, "key": "REST" }
  ],
  "lesson_learned_per_floor": [
    [],
    [],
    [],
    [],
    [],
    [],
    [],
    [],
    [],
    [],
    [],
    [],
    [],
    [],
    [],
    [],
    [],
    [],
    [],
    [],
    [],
    [],
    [],
    [],
    [],
    [],
    [],
    [],
    [],
    [],
    [],
    [],
    [],
    [],
    [],
    [],
    [],
    [],
    [],
    []
  ],
  "neow_cost": "TEN_PERCENT_HP_LOSS",
  "improvable_cards": { "RitualDagger": [21] },
  "seed_source_timestamp": 1496726574546300,
  "shop_contents": [
    {
      "floor": 2,
      "relics": ["MealTicket", "Turnip", "Chemical X"],
      "cards": [
        "Iron Wave",
        "Dual Wield",
        "Intimidate",
        "Blind",
        "Transmutation"
      ],
      "potions": ["DuplicationPotion", "LiquidMemories", "ColorlessPotion"]
    },
    {
      "floor": 22,
      "relics": ["CeramicFish", "Nunchaku"],
      "cards": [
        "Feed",
        "Perfected Strike",
        "Limit Break",
        "Disarm",
        "Metallicize",
        "Forethought",
        "Sadistic Nature"
      ],
      "potions": ["AttackPotion", "BlessingOfTheForge", "BlessingOfTheForge"]
    },
    {
      "floor": 29,
      "relics": ["Bottled Flame", "Oddly Smooth Stone", "ClockworkSouvenir"],
      "cards": [
        "Thunderclap",
        "Hemokinesis",
        "Ghostly Armor",
        "Warcry",
        "Good Instincts",
        "Violence"
      ],
      "potions": ["Swift Potion", "GamblersBrew", "DistilledChaos"]
    },
    {
      "floor": 31,
      "relics": ["Magic Flower", "Blood Vial", "Frozen Eye"],
      "cards": [
        "Cleave",
        "Headbutt",
        "Warcry",
        "Bloodletting",
        "Rupture",
        "Flash of Steel",
        "Mayhem"
      ],
      "potions": ["Ancient Potion", "Strength Potion", "SteroidPotion"]
    },
    {
      "floor": 37,
      "relics": ["FossilizedHelix", "Whetstone", "Toolbox"],
      "cards": [
        "Carnage",
        "Dropkick",
        "Ghostly Armor",
        "Limit Break",
        "Dramatic Entrance",
        "The Bomb"
      ],
      "potions": ["GamblersBrew", "SpeedPotion", "Ancient Potion"]
    }
  ],
  "circlet_count": 0,
  "master_deck": [
    "AscendersBane",
    "Defend_R",
    "Defend_R",
    "Bash",
    "Feed+1",
    "Carnage",
    "Cleave",
    "Metallicize",
    "Offering+1",
    "Combust+1",
    "Shockwave+1",
    "Hemokinesis",
    "Uppercut",
    "Flame Barrier+1",
    "Juggernaut+1",
    "Disarm+1",
    "Whirlwind+1",
    "True Grit+1",
    "RitualDagger",
    "Rage",
    "Inflame",
    "Body Slam",
    "Dark Embrace",
    "Feel No Pain",
    "Pummel"
  ],
  "potion_use_per_floor": [
    [],
    [],
    [],
    [],
    [],
    [],
    ["SkillPotion", "GamblersBrew"],
    [],
    [],
    [],
    [],
    [],
    [],
    [],
    [],
    [],
    [],
    [],
    [],
    [],
    [],
    [],
    ["SteroidPotion"],
    [],
    [],
    [],
    [],
    [],
    [],
    [],
    [],
    [],
    ["Fire Potion"],
    [],
    [],
    [],
    [],
    [],
    [],
    []
  ],
  "relics": [
    "Burning Blood",
    "WingedGreaves",
    "Blue Candle",
    "Self Forming Clay",
    "Mercury Hourglass",
    "Tiny Chest",
    "Astrolabe",
    "Lee\u0027s Waffle",
    "Dead Branch",
    "Bag of Marbles",
    "Smiling Mask",
    "Philosopher\u0027s Stone",
    "Thread and Needle"
  ],
  "potions_floor_usage": [7, 7, 23, 33],
  "damage_taken": [
    { "damage": 4, "enemies": "2 Louse", "floor": 1, "turns": 3 },
    { "damage": 9, "enemies": "Jaw Worm", "floor": 3, "turns": 3 },
    { "damage": 10, "enemies": "Small Slimes", "floor": 4, "turns": 3 },
    { "damage": 33, "enemies": "3 Sentries", "floor": 7, "turns": 5 },
    { "damage": 13, "enemies": "Gremlin Nob", "floor": 11, "turns": 3 },
    { "damage": 19, "enemies": "3 Sentries", "floor": 13, "turns": 4 },
    { "damage": 11, "enemies": "Gremlin Nob", "floor": 14, "turns": 3 },
    { "damage": 33, "enemies": "Hexaghost", "floor": 16, "turns": 9 },
    { "damage": 20, "enemies": "Shell Parasite", "floor": 18, "turns": 6 },
    { "damage": 8, "enemies": "Chosen", "floor": 21, "turns": 3 },
    { "damage": 59, "enemies": "Gremlin Leader", "floor": 23, "turns": 7 },
    { "damage": 71, "enemies": "Collector", "floor": 33, "turns": 9 },
    { "damage": 21, "enemies": "3 Shapes", "floor": 35, "turns": 3 },
    { "damage": 45, "enemies": "2 Orb Walkers", "floor": 36, "turns": 4 },
    { "damage": 24, "enemies": "3 Darklings", "floor": 38, "turns": 4 },
    { "damage": 24, "enemies": "Reptomancer", "floor": 40, "turns": 2 }
  ],
  "seed_played": "2325748194668591415",
  "neow_bonus_log": {
    "cardsObtained": [],
    "cardsUpgraded": [],
    "cardsRemoved": [],
    "cardsTransformed": [],
    "relicsObtained": [],
    "maxHpGained": 0,
    "goldGained": 0,
    "damageTaken": 0,
    "goldLost": 0,
    "maxHpLost": 7
  },
  "potions_obtained": [
    { "floor": 3, "key": "SkillPotion" },
    { "floor": 4, "key": "GamblersBrew" },
    { "floor": 11, "key": "Fire Potion" },
    { "floor": 14, "key": "SteroidPotion" },
    { "floor": 38, "key": "Weak Potion" }
  ],
  "is_trial": false,
  "path_per_floor": [
    "M",
    "$",
    "M",
    "M",
    "?",
    "R",
    "E",
    "R",
    "T",
    "R",
    "E",
    "R",
    "E",
    "E",
    "R",
    "B",
    null,
    "M",
    "?",
    "?",
    "M",
    "$",
    "E",
    "R",
    "T",
    "T",
    "R",
    "R",
    "$",
    "?",
    "$",
    "R",
    "B",
    null,
    "M",
    "?",
    "$",
    "M",
    "?",
    "E"
  ],
  "character_chosen": "IRONCLAD",
  "basemod:card_modifiers": [
    null,
    null,
    null,
    null,
    null,
    null,
    null,
    null,
    null,
    null,
    null,
    null,
    null,
    null,
    null,
    null,
    null,
    null,
    null,
    null,
    null,
    null,
    null,
    null,
    null
  ],
  "items_purchased": [
    "Cleave",
    "Metallicize",
    "Lee\u0027s Waffle",
    "Inflame",
    "Dark Embrace"
  ],
  "campfire_rested": 3,
  "item_purchase_floors": [2, 2, 22, 29, 37],
  "current_hp_per_floor": [
    71, 71, 71, 70, 70, 70, 47, 47, 47, 47, 44, 44, 35, 30, 56, 29, 74, 60, 60,
    54, 52, 96, 47, 47, 47, 47, 77, 77, 77, 77, 77, 100, 35, 84, 73, 34, 34, 16,
    16, 0
  ],
  "gold": 39,
  "neow_bonus": "THREE_RARE_CARDS",
  "is_prod": false,
  "is_daily": false,
  "rewards_skipped": [
    { "floor": 21, "relics": [], "potions": ["PowerPotion"] }
  ],
  "chose_seed": false,
  "campfire_upgraded": 6,
  "win_rate": 0,
  "floor_exit_playtime": [
    57, 81, 120, 153, 178, 192, 281, 290, 294, 305, 350, 366, 433, 479, 482,
    592, 617, 708, 714, 722, 774, 799, 933, 942, 947, 951, 961, 995, 1014, 1033,
    1037, 1041, 1225, 1250, 1294, 1381, 1395, 1512, 1522
  ],
  "timestamp": 1686788695,
  "path_taken": [
    "M",
    "$",
    "M",
    "M",
    "?",
    "R",
    "E",
    "R",
    "T",
    "R",
    "E",
    "R",
    "E",
    "E",
    "R",
    "BOSS",
    "M",
    "?",
    "?",
    "M",
    "?",
    "E",
    "R",
    "?",
    "T",
    "R",
    "R",
    "$",
    "?",
    "$",
    "R",
    "BOSS",
    "M",
    "?",
    "$",
    "M",
    "?",
    "E"
  ],
  "build_version": "2022-12-18",
  "purchased_purges": 3,
  "victory": false,
  "max_hp_per_floor": [
    71, 71, 74, 77, 77, 77, 81, 81, 81, 81, 85, 85, 89, 89, 89, 89, 89, 89, 89,
    89, 89, 96, 100, 100, 100, 100, 100, 100, 100, 100, 100, 100, 100, 100, 104,
    104, 104, 104, 104, 104
  ],
  "card_choices": [
    { "not_picked": ["Offering", "Berserk"], "picked": "Feed", "floor": 0 },
    { "not_picked": ["Shrug It Off", "Flex"], "picked": "Carnage", "floor": 1 },
    {
      "not_picked": ["Clothesline", "Searing Blow", "Wild Strike"],
      "picked": "SKIP",
      "floor": 3
    },
    { "not_picked": ["Headbutt", "Flex"], "picked": "Offering", "floor": 4 },
    { "not_picked": ["Anger", "Warcry"], "picked": "Shockwave", "floor": 7 },
    {
      "not_picked": ["Perfected Strike", "Metallicize"],
      "picked": "Hemokinesis",
      "floor": 11
    },
    {
      "not_picked": ["Armaments", "Barricade"],
      "picked": "Uppercut",
      "floor": 13
    },
    {
      "not_picked": ["Sword Boomerang", "Searing Blow"],
      "picked": "Flame Barrier",
      "floor": 14
    },
    {
      "not_picked": ["Demon Form", "Offering"],
      "picked": "Juggernaut",
      "floor": 16
    },
    { "not_picked": ["Anger", "Cleave"], "picked": "True Grit+1", "floor": 18 },
    { "not_picked": ["Heavy Blade", "Warcry"], "picked": "Rage", "floor": 21 },
    {
      "not_picked": ["Shockwave", "Fiend Fire", "Rampage"],
      "picked": "SKIP",
      "floor": 23
    },
    {
      "not_picked": ["Bludgeon", "Double Tap", "Offering"],
      "picked": "SKIP",
      "floor": 33
    },
    {
      "not_picked": ["Iron Wave+1", "Intimidate"],
      "picked": "Body Slam",
      "floor": 35
    },
    {
      "not_picked": ["Cleave+1", "Whirlwind", "Flex+1"],
      "picked": "SKIP",
      "floor": 36
    },
    {
      "not_picked": ["Armaments", "Perfected Strike"],
      "picked": "Feel No Pain",
      "floor": 38
    }
  ],
  "player_experience": 1464252,
  "relics_obtained": [
    { "floor": 7, "key": "WingedGreaves" },
    { "floor": 9, "key": "Blue Candle" },
    { "floor": 11, "key": "Self Forming Clay" },
    { "floor": 13, "key": "Mercury Hourglass" },
    { "floor": 14, "key": "Tiny Chest" },
    { "floor": 23, "key": "Dead Branch" },
    { "floor": 25, "key": "Bag of Marbles" },
    { "floor": 26, "key": "Smiling Mask" },
    { "floor": 36, "key": "Thread and Needle" }
  ],
  "event_choices": [
    {
      "damage_healed": 0,
      "gold_gain": 0,
      "cards_transformed": ["Strike_R"],
      "player_choice": "Change",
      "damage_taken": 0,
      "max_hp_gain": 0,
      "max_hp_loss": 0,
      "event_name": "Living Wall",
      "floor": 5,
      "gold_loss": 0,
      "cards_obtained": ["Combust"]
    },
    {
      "damage_healed": 0,
      "gold_gain": 0,
      "player_choice": "Ignored",
      "damage_taken": 0,
      "max_hp_gain": 0,
      "max_hp_loss": 0,
      "event_name": "Cursed Tome",
      "floor": 19,
      "gold_loss": 0
    },
    {
      "damage_healed": 0,
      "gold_gain": 0,
      "player_choice": "Joined the Cult",
      "damage_taken": 6,
      "max_hp_gain": 0,
      "max_hp_loss": 0,
      "event_name": "Nest",
      "floor": 20,
      "gold_loss": 0,
      "cards_obtained": ["RitualDagger"]
    },
    {
      "damage_healed": 0,
      "gold_gain": 0,
      "player_choice": "Ignored",
      "damage_taken": 0,
      "max_hp_gain": 0,
      "max_hp_loss": 0,
      "event_name": "Vampires",
      "floor": 30,
      "gold_loss": 0
    },
    {
      "damage_healed": 0,
      "gold_gain": 0,
      "player_choice": "Fight",
      "damage_taken": 0,
      "max_hp_gain": 0,
      "max_hp_loss": 0,
      "event_name": "Mysterious Sphere",
      "floor": 36,
      "gold_loss": 0
    },
    {
      "damage_healed": 0,
      "gold_gain": 0,
      "cards_transformed": ["Strike_R"],
      "player_choice": "Transformed",
      "damage_taken": 0,
      "max_hp_gain": 0,
      "max_hp_loss": 0,
      "event_name": "Transmorgrifier",
      "floor": 39,
      "gold_loss": 0,
      "cards_obtained": ["Pummel"]
    }
  ],
  "is_beta": false,
  "boss_relics": [
    { "not_picked": ["Calling Bell", "Tiny House"], "picked": "Astrolabe" },
    {
      "not_picked": ["Fusion Hammer", "SlaversCollar"],
      "picked": "Philosopher\u0027s Stone"
    }
  ],
  "items_purged_floors": [22, 29, 37],
  "is_endless": false,
  "potions_floor_spawned": [3, 4, 11, 14, 21, 38],
  "killed_by": "Reptomancer",
  "ascension_level": 20,
  "potion_discard_per_floor": [
    [],
    [],
    [],
    [],
    [],
    [],
    [],
    [],
    [],
    [],
    [],
    [],
    [],
    [],
    [],
    [],
    [],
    [],
    [],
    [],
    [],
    [],
    [],
    [],
    [],
    [],
    [],
    [],
    [],
    [],
    [],
    [],
    [],
    [],
    [],
    [],
    [],
    [],
    [],
    []
  ]
}
