{"gold_per_floor":[115,39,39,54,65,65,94,105,105,125,125,138,156,172,172,273,273,289,388,398,398,36,36,54,88,88,98,17,48,48],"floor_reached":30,"playtime":1561,"items_purged":["Strike_R"],"score":274,"play_id":"10ffd635-9e2f-4e6b-9747-417fbf8e7225","local_time":"20221128202040","is_ascension_mode":false,"campfire_choices":[{"data":"Anger","floor":6,"key":"SMITH"},{"data":"Defend_R","floor":11,"key":"SMITH"},{"data":"Defend_R","floor":15,"key":"SMITH"},{"data":"Rage","floor":23,"key":"SMITH"}],"neow_cost":"NONE","seed_source_timestamp":1133319998170900,"circlet_count":0,"master_deck":["Strike_R","Strike_R","Strike_R","Strike_R","Defend_R+1","Defend_R","Defend_R+1","Defend_R","Bash","Anger+1","Inflame+1","Feel No Pain","Metallicize","Feel No Pain","Anger","Flex","Reaper","Sword Boomerang","Clash+1","Clash","Ghostly Armor","Reckless Charge","Rage+1","Discovery","True Grit+1","Dropkick","Shame","Armaments","Feel No Pain","Cleave"],"relics":["Burning Blood","NeowsBlessing","Bag of Marbles","Singing Bowl","Cursed Key","TungstenRod","InkBottle","Torii"],"potions_floor_usage":[7,12,16,20,25],"damage_taken":[{"damage":0,"enemies":"Jaw Worm","floor":1,"turns":1},{"damage":0,"enemies":"Cultist","floor":4,"turns":1},{"damage":0,"enemies":"Small Slimes","floor":5,"turns":1},{"damage":26,"enemies":"Lagavulin","floor":7,"turns":6},{"damage":4,"enemies":"2 Fungi Beasts","floor":8,"turns":4},{"damage":5,"enemies":"Looter","floor":10,"turns":3},{"damage":9,"enemies":"Exordium Wildlife","floor":12,"turns":4},{"damage":4,"enemies":"Blue Slaver","floor":13,"turns":4},{"damage":7,"enemies":"Exordium Thugs","floor":14,"turns":6},{"damage":58,"enemies":"The Guardian","floor":16,"turns":10},{"damage":12,"enemies":"Spheric Guardian","floor":18,"turns":4},{"damage":7,"enemies":"Chosen","floor":20,"turns":3},{"damage":27,"enemies":"Centurion and Healer","floor":24,"turns":5},{"damage":59,"enemies":"Gremlin Leader","floor":25,"turns":12},{"damage":15,"enemies":"Shelled Parasite and Fungi","floor":27,"turns":5},{"damage":15,"enemies":"Book of Stabbing","floor":29,"turns":7},{"damage":13,"enemies":"Colosseum Slavers","floor":30,"turns":2}],"seed_played":"9117850175893219437","potions_obtained":[{"floor":5,"key":"CultistPotion"},{"floor":8,"key":"Strength Potion"},{"floor":14,"key":"BloodPotion"},{"floor":18,"key":"Strength Potion"},{"floor":20,"key":"Dexterity Potion"}],"is_trial":false,"path_per_floor":["M","$","?","M","M","R","E","M","T","M","R","M","M","M","R","B",null,"M","?","M","?","$","R","M","E","T","M","$","E","?"],"character_chosen":"IRONCLAD","items_purchased":["Inflame","Ghostly Armor","Reckless Charge","Rage","Discovery","Feel No Pain"],"campfire_rested":0,"item_purchase_floors":[2,22,22,22,22,28],"current_hp_per_floor":[80,80,80,80,80,80,60,62,62,63,63,60,62,61,61,25,80,74,74,79,79,79,79,58,22,22,17,17,8,0],"gold":48,"neow_bonus":"THREE_ENEMY_KILL","is_prod":false,"is_daily":false,"chose_seed":false,"campfire_upgraded":4,"win_rate":0,"timestamp":1669684840,"path_taken":["M","$","?","?","M","R","E","M","T","M","R","M","M","M","R","BOSS","M","?","M","?","$","R","M","E","T","M","$","E","?"],"build_version":"2022-10-04","purchased_purges":1,"victory":false,"max_hp_per_floor":[80,80,80,80,80,80,80,80,80,80,80,80,80,80,80,80,80,80,80,80,80,80,80,80,80,80,80,80,80,80],"card_choices":[{"not_picked":["Headbutt","Shrug It Off"],"picked":"Anger","floor":1},{"not_picked":["Heavy Blade","Iron Wave"],"picked":"Feel No Pain","floor":4},{"not_picked":["Headbutt","Clothesline","True Grit"],"picked":"SKIP","floor":5},{"not_picked":["Brutality","Iron Wave","Seeing Red"],"picked":"SKIP","floor":7},{"not_picked":["Whirlwind","Havoc","Cleave"],"picked":"SKIP","floor":8},{"not_picked":["Ghostly Armor","Armaments"],"picked":"Metallicize","floor":10},{"not_picked":["Armaments","Dropkick"],"picked":"Feel No Pain","floor":12},{"not_picked":["Whirlwind","Body Slam"],"picked":"Anger","floor":13},{"not_picked":["Hemokinesis","Twin Strike"],"picked":"Flex","floor":14},{"not_picked":["Demon Form","Juggernaut"],"picked":"Reaper","floor":16},{"not_picked":["Shrug It Off","Rampage"],"picked":"Sword Boomerang","floor":18},{"not_picked":["Searing Blow","Anger"],"picked":"Clash+1","floor":20},{"not_picked":["Dark Embrace","Perfected Strike"],"picked":"True Grit+1","floor":24},{"not_picked":["Heavy Blade","Flex"],"picked":"Dropkick","floor":25},{"not_picked":["Wild Strike","Shockwave"],"picked":"Armaments","floor":27},{"not_picked":["Offering","Armaments"],"picked":"Cleave","floor":29}],"player_experience":1235502,"relics_obtained":[{"floor":7,"key":"Bag of Marbles"},{"floor":9,"key":"Singing Bowl"},{"floor":25,"key":"TungstenRod"},{"floor":26,"key":"InkBottle"},{"floor":29,"key":"Torii"}],"event_choices":[{"damage_healed":0,"gold_gain":0,"player_choice":"Upgraded","damage_taken":0,"max_hp_gain":0,"max_hp_loss":0,"event_name":"Upgrade Shrine","floor":3,"gold_loss":0,"cards_upgraded":["Inflame"]},{"damage_healed":0,"gold_gain":99,"player_choice":"Stole From Cult","damage_taken":0,"max_hp_gain":0,"max_hp_loss":0,"event_name":"Nest","floor":19,"gold_loss":0},{"damage_healed":0,"gold_gain":0,"player_choice":"Read","damage_taken":0,"max_hp_gain":0,"max_hp_loss":0,"event_name":"The Library","floor":21,"gold_loss":0,"cards_obtained":["Clash"]},{"damage_healed":0,"gold_gain":0,"player_choice":"Fight","damage_taken":0,"max_hp_gain":0,"max_hp_loss":0,"event_name":"Colosseum","floor":30,"gold_loss":0}],"is_beta":false,"boss_relics":[{"not_picked":["Pandora\u0027s Box","Fusion Hammer"],"picked":"Cursed Key"}],"items_purged_floors":[22],"is_endless":false,"potions_floor_spawned":[5,8,14,18,20],"killed_by":"Colosseum Slavers","ascension_level":0}