{"gold_per_floor":[109,158,12,29,47,47,79,79,126,126,137,156,174,191,191,292,292,304,304,73,73,27,58,58,78,103,103,154,17,35,49,49,152,152,169,169,169,179,198,198,233,233,233,260,260],"floor_reached":45,"playtime":2025,"items_purged":["Defend_B","Defend_B"],"score":493,"play_id":"f037b6c1-1914-42dc-abb1-8024c6c20685","local_time":"20221121113404","is_ascension_mode":false,"campfire_choices":[{"data":"Static Discharge","floor":6,"key":"SMITH"},{"data":"Leap","floor":8,"key":"SMITH"},{"data":"Zap","floor":10,"key":"SMITH"},{"data":"Leap","floor":15,"key":"SMITH"},{"data":"Fission","floor":24,"key":"SMITH"},{"floor":32,"key":"REST"},{"data":"Leap","floor":40,"key":"SMITH"},{"floor":42,"key":"REST"}],"neow_cost":"NONE","seed_source_timestamp":0,"circlet_count":0,"master_deck":["Strike_B+1","Strike_B+1","Strike_B","Strike_B","Defend_B+1","Defend_B+1","Zap+1","Dualcast","Static Discharge+1","Auto Shields","Lockon","Leap+1","Ball Lightning","Tempest","Steam Power","Doom and Gloom","Leap+1","Fission+1","Defragment","J.A.X.","Rebound","Leap+1","Loop","Lockon","Cold Snap","Core Surge","Fusion+1","Darkness+1","Thunder Strike"],"special_seed":0,"relics":["Cracked Core","Vajra","Whetstone","Pen Nib","Centennial Puzzle","Nuclear Battery","HandDrill","Incense Burner","Juzu Bracelet","hermit:BrassTacks","Sozu","Letter Opener","Pantograph","War Paint"],"potions_floor_usage":[5,12,12,13,14,23,30,33,35],"damage_taken":[{"damage":0,"enemies":"Cultist","floor":1,"turns":4},{"damage":6,"enemies":"Jaw Worm","floor":4,"turns":2},{"damage":0,"enemies":"2 Louse","floor":5,"turns":1},{"damage":14,"enemies":"3 Sentries","floor":7,"turns":6},{"damage":0,"enemies":"Looter","floor":11,"turns":3},{"damage":8,"enemies":"Exordium Thugs","floor":12,"turns":2},{"damage":0,"enemies":"Exordium Wildlife","floor":13,"turns":3},{"damage":0,"enemies":"Large Slime","floor":14,"turns":4},{"damage":27,"enemies":"The Guardian","floor":16,"turns":8},{"damage":7,"enemies":"Shell Parasite","floor":18,"turns":3},{"damage":26,"enemies":"Book of Stabbing","floor":23,"turns":3},{"damage":0,"enemies":"Chosen","floor":25,"turns":3},{"damage":4,"enemies":"Centurion and Healer","floor":30,"turns":4},{"damage":10,"enemies":"Snake Plant","floor":31,"turns":3},{"damage":7,"enemies":"Champ","floor":33,"turns":10},{"damage":15,"enemies":"3 Darklings","floor":35,"turns":3},{"damage":0,"enemies":"Orb Walker","floor":38,"turns":4},{"damage":20,"enemies":"Maw","floor":39,"turns":6},{"damage":27,"enemies":"Reptomancer","floor":41,"turns":5},{"damage":35,"enemies":"Giant Head","floor":44,"turns":7},{"damage":14,"enemies":"3 Darklings","floor":45,"turns":2}],"seed_played":"-8585866478092462015","potions_obtained":[{"floor":1,"key":"Fire Potion"},{"floor":7,"key":"LiquidMemories"},{"floor":11,"key":"gremlin:WizPotion"},{"floor":12,"key":"GamblersBrew"},{"floor":13,"key":"FocusPotion"},{"floor":18,"key":"champ:CounterPotion"},{"floor":25,"key":"LiquidMemories"},{"floor":30,"key":"hexamod:SoulburnPotion"},{"floor":33,"key":"BlessingOfTheForge"}],"is_trial":false,"path_per_floor":["M","T","$","M","M","R","E","R","T","R","M","M","M","M","R","B",null,"M","?","$","?","$","E","R","M","T","?","T","$","M","M","R","B",null,"M","?","?","M","M","R","E","R","T","E","M"],"character_chosen":"DEFECT","items_purchased":["Whetstone","HandDrill","Rebound","Loop"],"campfire_rested":2,"item_purchase_floors":[3,20,22,29],"current_hp_per_floor":[75,75,75,69,69,69,55,55,55,55,55,47,47,47,47,20,75,68,68,68,54,54,28,28,28,28,28,28,28,24,14,38,31,80,65,65,65,65,45,45,18,42,42,7,0],"gold":260,"neow_bonus":"THREE_CARDS","is_prod":false,"is_daily":false,"chose_seed":false,"campfire_upgraded":6,"win_rate":0,"timestamp":1669048444,"path_taken":["M","?","?","M","?","R","E","R","T","R","M","M","M","M","R","BOSS","M","?","$","?","$","E","R","M","T","?","?","$","M","M","R","BOSS","M","?","?","M","M","R","E","R","T","E","M"],"build_version":"2022-10-04","purchased_purges":2,"victory":false,"max_hp_per_floor":[75,75,75,75,75,75,75,75,75,75,75,75,75,75,75,75,75,75,75,75,80,80,80,80,80,80,80,80,80,80,80,80,80,80,80,80,80,80,80,80,80,80,80,80,80],"card_choices":[{"not_picked":["Leap","Genetic Algorithm"],"picked":"Static Discharge","floor":0.0},{"not_picked":["Chill","Heatsinks"],"picked":"Auto Shields","floor":1},{"not_picked":["Melter","BootSequence"],"picked":"Lockon","floor":4},{"not_picked":["Streamline","Compile Driver"],"picked":"Leap","floor":5},{"not_picked":["Chill","Defragment"],"picked":"Ball Lightning","floor":7},{"not_picked":["Barrage","Reinforced Body"],"picked":"Tempest","floor":11},{"not_picked":["Steam","Turbo"],"picked":"Steam Power","floor":12},{"not_picked":["Self Repair","Compile Driver"],"picked":"Doom and Gloom","floor":13},{"not_picked":["Gash","Machine Learning"],"picked":"Leap","floor":14},{"not_picked":["Core Surge","Rainbow"],"picked":"Fission","floor":16},{"not_picked":["Go for the Eyes","Chaos"],"picked":"Defragment","floor":18},{"not_picked":["Sunder","Cold Snap"],"picked":"Leap","floor":23},{"not_picked":["Conserve Battery+1","Scrape","Redo"],"picked":"SKIP","floor":25},{"not_picked":["Recycle+1","Beam Cell"],"picked":"Lockon","floor":30},{"not_picked":["Gash+1","Steam"],"picked":"Cold Snap","floor":31},{"not_picked":["Reboot","Fission"],"picked":"Core Surge","floor":33},{"not_picked":["Steam","Skim+1","Double Energy"],"picked":"SKIP","floor":35},{"not_picked":["Barrage+1","Auto Shields"],"picked":"Fusion+1","floor":38},{"not_picked":["Heatsinks","Conserve Battery","Streamline"],"picked":"SKIP","floor":39},{"not_picked":["Compile Driver","Sweeping Beam+1"],"picked":"Darkness+1","floor":41},{"not_picked":["Tempest","Melter"],"picked":"Thunder Strike","floor":44}],"player_experience":1459365,"relics_obtained":[{"floor":2,"key":"Vajra"},{"floor":7,"key":"Pen Nib"},{"floor":9,"key":"Centennial Puzzle"},{"floor":23,"key":"Incense Burner"},{"floor":26,"key":"Juzu Bracelet"},{"floor":28,"key":"hermit:BrassTacks"},{"floor":41,"key":"Letter Opener"},{"floor":43,"key":"Pantograph"},{"floor":44,"key":"War Paint"}],"event_choices":[{"damage_healed":0,"gold_gain":0,"player_choice":"Obtain J.A.X.","damage_taken":0,"max_hp_gain":0,"max_hp_loss":0,"event_name":"Drug Dealer","floor":19,"gold_loss":0,"cards_obtained":["J.A.X."]},{"damage_healed":0,"gold_gain":0,"player_choice":"Shed Blood","damage_taken":19,"max_hp_gain":5,"max_hp_loss":0,"event_name":"Forgotten Altar","floor":21,"gold_loss":0},{"damage_healed":0,"gold_gain":0,"player_choice":"Ignored","damage_taken":0,"max_hp_gain":0,"max_hp_loss":0,"event_name":"Vampires","floor":27,"gold_loss":0},{"damage_healed":0,"gold_gain":0,"player_choice":"Got Potions","damage_taken":0,"max_hp_gain":0,"max_hp_loss":0,"event_name":"Lab","floor":36,"gold_loss":0},{"damage_healed":0,"gold_gain":0,"player_choice":"Bought 0 Potions","damage_taken":0,"max_hp_gain":0,"max_hp_loss":0,"event_name":"The Woman in Blue","floor":37,"gold_loss":0}],"is_beta":false,"boss_relics":[{"not_picked":["Snecko Eye","Fusion Hammer"],"picked":"Nuclear Battery"},{"not_picked":["sneckomod:SneckoTalon","Coffee Dripper"],"picked":"Sozu"}],"items_purged_floors":[20,29],"is_endless":false,"potions_floor_spawned":[1,7,11,12,13,18,25,30,33,38,41,44],"killed_by":"3 Darklings","ascension_level":0}