{"gold_per_floor":[117,117,134,144,65,65,11,11,37,37,56,56,119,146,146,249,249,260,260,179,179,194,194,1,1,73,86,86,101,200,220,220,220],"floor_reached":33,"playtime":1210,"items_purged":[],"score":268,"play_id":"f76df007-5351-4164-b372-9409cde72f56","local_time":"20221210141413","is_ascension_mode":false,"campfire_choices":[{"data":"Ragnarok","floor":6.0,"key":"SMITH"},{"data":"Vigilance","floor":8.0,"key":"SMITH"},{"data":"SandsOfTime","floor":10.0,"key":"SMITH"},{"data":"DeceiveReality","floor":15.0,"key":"SMITH"},{"data":"Conclude","floor":23.0,"key":"SMITH"},{"data":"Apotheosis","floor":25.0,"key":"SMITH"},{"data":"Judgement","floor":28.0,"key":"SMITH"},{"data":"EmptyFist","floor":32,"key":"SMITH"}],"neow_cost":"NONE","seed_source_timestamp":334146457313900,"circlet_count":0,"master_deck":["Strike_P","Strike_P","Strike_P","Strike_P","Defend_P","Defend_P","Defend_P","Defend_P","Vigilance+1","Ragnarok+1","EmptyMind","DeceiveReality+1","SandsOfTime+1","FollowUp","EmptyFist+1","Protect","CutThroughFate","WreathOfFlame","Blasphemy","Judgement+1","DeceiveReality","ReachHeaven","Conclude+1","Apotheosis+1","Swivel","DeceiveReality"],"special_seed":0,"relics":["PureWater","Strawberry","Nunchaku","Blood Vial","VioletLotus","Meat on the Bone","Letter Opener"],"potions_floor_usage":[33,33],"damage_taken":[{"damage":0.0,"enemies":"Small Slimes","floor":1.0,"turns":2.0},{"damage":0.0,"enemies":"Cultist","floor":3.0,"turns":3.0},{"damage":0.0,"enemies":"2 Louse","floor":4.0,"turns":2.0},{"damage":0.0,"enemies":"Large Slime","floor":11.0,"turns":4.0},{"damage":28.0,"enemies":"Gremlin Nob","floor":13.0,"turns":4.0},{"damage":8.0,"enemies":"Lagavulin","floor":14.0,"turns":5.0},{"damage":6.0,"enemies":"The Guardian","floor":16.0,"turns":13.0},{"damage":0.0,"enemies":"Shell Parasite","floor":18.0,"turns":2.0},{"damage":3.0,"enemies":"3 Byrds","floor":22.0,"turns":5.0},{"damage":0.0,"enemies":"Snecko","floor":27.0,"turns":2.0},{"damage":3.0,"enemies":"Shelled Parasite and Fungi","floor":29.0,"turns":4.0},{"damage":12,"enemies":"Snake Plant","floor":31,"turns":3},{"damage":87,"enemies":"Automaton","floor":33,"turns":12}],"seed_played":"-1122893763053949005","potions_obtained":[{"floor":4.0,"key":"Energy Potion"},{"floor":13.0,"key":"Fruit Juice"},{"floor":16.0,"key":"FearPotion"},{"floor":18.0,"key":"BottledMiracle"},{"floor":29.0,"key":"SneckoOil"},{"floor":31,"key":"AttackPotion"}],"is_trial":false,"path_per_floor":["M","?","M","M","$","R","$","R","T","R","M","?","?","E","R","B",null,"M","?","?","?","M","R","$","R","T","M","R","M","?","M","R","B"],"character_chosen":"WATCHER","items_purchased":["EmptyFist","ClearTheMind","Protect","Apotheosis"],"campfire_rested":0,"item_purchase_floors":[5,5,7,24],"current_hp_per_floor":[72,72,72,72,72,72,72,72,79,79,79,84,61,53,53,49,89,89,89,89,89,86,86,86,86,86,88,88,86,86,76,76,0],"gold":220,"neow_bonus":"ONE_RANDOM_RARE_CARD","is_prod":false,"is_daily":false,"chose_seed":false,"campfire_upgraded":8,"win_rate":0,"timestamp":1670699653,"path_taken":["M","?","M","M","$","R","$","R","T","R","?","?","?","E","R","BOSS","M","?","?","?","M","R","$","R","T","M","R","M","?","M","R","BOSS"],"build_version":"2022-12-01","purchased_purges":0,"victory":false,"max_hp_per_floor":[72,72,72,72,72,72,72,72,79,79,79,84,89,89,89,89,89,89,89,89,89,89,89,89,89,89,89,89,89,89,89,89,89],"card_choices":[{"not_picked":["BowlingBash","Study"],"picked":"EmptyMind","floor":1.0},{"not_picked":["FlurryOfBlows","Evaluate"],"picked":"SandsOfTime","floor":3.0},{"not_picked":["JustLucky","Perseverance"],"picked":"FollowUp","floor":4.0},{"not_picked":["PathToVictory","Crescendo"],"picked":"CutThroughFate","floor":11.0},{"not_picked":["EmptyFist","BattleHymn"],"picked":"WreathOfFlame","floor":13.0},{"not_picked":["FlyingSleeves","DeceiveReality"],"picked":"Blasphemy","floor":14.0},{"not_picked":["Brilliance","LessonLearned"],"picked":"Judgement","floor":16.0},{"not_picked":["Crescendo","Vengeance"],"picked":"DeceiveReality","floor":18.0},{"not_picked":["FlurryOfBlows+1","Halt"],"picked":"Conclude","floor":22.0},{"not_picked":["Evaluate","ThirdEye"],"picked":"Swivel","floor":27.0},{"not_picked":["EmptyMind","Prostrate","Omniscience"],"picked":"SKIP","floor":29.0},{"not_picked":["CutThroughFate","JustLucky"],"picked":"DeceiveReality","floor":31}],"player_experience":1297868,"relics_obtained":[{"floor":9.0,"key":"Strawberry"},{"floor":13.0,"key":"Nunchaku"},{"floor":14.0,"key":"Blood Vial"},{"floor":26.0,"key":"Letter Opener"}],"event_choices":[{"damage_healed":0.0,"max_hp_gain":0.0,"max_hp_loss":0.0,"gold_gain":0.0,"cards_transformed":["Eruption"],"event_name":"Transmorgrifier","player_choice":"Transformed","floor":2.0,"gold_loss":0.0,"damage_taken":0.0,"cards_obtained":["DeceiveReality"]},{"damage_healed":0.0,"max_hp_gain":5.0,"max_hp_loss":0.0,"gold_gain":0.0,"event_name":"Big Fish","player_choice":"Donut","floor":12.0,"gold_loss":0.0,"damage_taken":0.0},{"damage_healed":0.0,"max_hp_gain":0.0,"max_hp_loss":0.0,"gold_gain":0.0,"event_name":"Dead Adventurer","player_choice":"Searched \u00272\u0027 times","floor":13.0,"gold_loss":0.0,"damage_taken":0.0},{"damage_healed":0.0,"max_hp_gain":0.0,"max_hp_loss":0.0,"gold_gain":0.0,"event_name":"Wheel of Change","player_choice":"Full Heal","floor":19.0,"gold_loss":0.0,"damage_taken":0.0},{"damage_healed":0.0,"max_hp_gain":0.0,"max_hp_loss":0.0,"gold_gain":0.0,"event_name":"WeMeetAgain","player_choice":"Paid Gold","floor":20.0,"gold_loss":81.0,"damage_taken":0.0,"relics_obtained":["Meat on the Bone"]},{"damage_healed":0.0,"max_hp_gain":0.0,"max_hp_loss":0.0,"gold_gain":0.0,"cards_transformed":["ClearTheMind"],"event_name":"Transmorgrifier","player_choice":"Transformed","floor":21.0,"gold_loss":0.0,"damage_taken":0.0,"cards_obtained":["ReachHeaven"]},{"damage_healed":0.0,"max_hp_gain":0.0,"max_hp_loss":0.0,"gold_gain":99.0,"event_name":"Nest","player_choice":"Stole From Cult","floor":30.0,"gold_loss":0.0,"damage_taken":0.0}],"is_beta":false,"boss_relics":[{"not_picked":["Black Star","Astrolabe"],"picked":"VioletLotus"}],"items_purged_floors":[],"is_endless":false,"potions_floor_spawned":[4,13,16,18,29,31],"killed_by":"Automaton","ascension_level":0}