{"gold_per_floor":[110,8,8,21,33,68,68,80,105,105,105,120,120,155,155,233,233,247,95,109,46,59,59],"floor_reached":23,"playtime":953,"items_purged":["Leap"],"score":402,"play_id":"5c849548-2024-43af-8129-823d6b082c0f","local_time":"20221207122147","is_ascension_mode":true,"campfire_choices":[{"data":"Zap","floor":7,"key":"SMITH"},{"data":"Defragment","floor":10,"key":"SMITH"},{"data":"Biased Cognition","floor":13,"key":"SMITH"},{"floor":15,"key":"REST"}],"neow_cost":"NONE","seed_source_timestamp":68492883197500,"circlet_count":0,"master_deck":["AscendersBane","Strike_B","Strike_B","Strike_B","Strike_B","Defend_B","Defend_B","Defend_B","Defend_B","Gash","Ball Lightning","Melter","Coolheaded","Defragment+1","Biased Cognition+1","Cold Snap","Hello World","Electrodynamics","Ball Lightning","Discovery","Self Repair"],"relics":["Cracked Core","Centennial Puzzle","Smiling Mask","Orichalcum","SacredBark","Pocketwatch"],"potions_floor_usage":[1,6,12,14,16,20],"damage_taken":[{"damage":0,"enemies":"2 Louse","floor":1,"turns":2},{"damage":0,"enemies":"Cultist","floor":4,"turns":3},{"damage":0,"enemies":"Small Slimes","floor":5,"turns":2},{"damage":15,"enemies":"3 Sentries","floor":6,"turns":5},{"damage":2,"enemies":"Exordium Thugs","floor":8,"turns":3},{"damage":11,"enemies":"Gremlin Gang","floor":12,"turns":4},{"damage":6,"enemies":"Gremlin Nob","floor":14,"turns":3},{"damage":22,"enemies":"The Guardian","floor":16,"turns":11},{"damage":14,"enemies":"Spheric Guardian","floor":18,"turns":4},{"damage":0,"enemies":"3 Byrds","floor":20,"turns":2},{"damage":8,"enemies":"Centurion and Healer","floor":22,"turns":4},{"damage":51,"enemies":"Book of Stabbing","floor":23,"turns":3}],"seed_played":"-588051221461868407","potions_obtained":[{"floor":0,"key":"EssenceOfDarkness"},{"floor":0,"key":"Block Potion"},{"floor":5,"key":"EssenceOfDarkness"},{"floor":12,"key":"AttackPotion"},{"floor":14,"key":"Weak Potion"},{"floor":18,"key":"ColorlessPotion"}],"is_trial":false,"path_per_floor":["M","$","?","M","M","E","R","M","T","R","?","M","R","E","R","B",null,"M","$","M","?","M","E"],"character_chosen":"DEFECT","items_purchased":["Ball Lightning","Leap","Discovery"],"campfire_rested":1,"item_purchase_floors":[2,2,19],"current_hp_per_floor":[64,64,64,64,64,49,49,47,47,47,47,36,36,30,51,29,61,47,47,47,47,46,0],"gold":59,"neow_bonus":"THREE_SMALL_POTIONS","is_prod":false,"is_daily":false,"chose_seed":false,"campfire_upgraded":3,"win_rate":0,"timestamp":1670433707,"path_taken":["M","$","?","M","?","E","R","M","T","R","?","M","R","E","R","BOSS","M","$","M","?","?","E"],"build_version":"2022-12-01","purchased_purges":1,"victory":false,"max_hp_per_floor":[71,71,71,71,71,71,71,71,71,71,71,71,71,71,71,71,71,71,71,71,71,71,71],"card_choices":[{"not_picked":["Aggregate","Recycle"],"picked":"Gash","floor":1},{"not_picked":["Barrage","Beam Cell"],"picked":"Coolheaded","floor":4},{"not_picked":["Sunder","Rebound"],"picked":"Defragment","floor":5},{"not_picked":["Hologram","Leap"],"picked":"Biased Cognition","floor":6},{"not_picked":["Hologram","Force Field","Streamline"],"picked":"SKIP","floor":8},{"not_picked":["Go for the Eyes","Conserve Battery"],"picked":"Cold Snap","floor":12},{"not_picked":["Redo","Static Discharge"],"picked":"Hello World","floor":14},{"not_picked":["Hyperbeam","Reboot"],"picked":"Electrodynamics","floor":16},{"not_picked":["Beam Cell","Turbo+1"],"picked":"Ball Lightning","floor":18},{"not_picked":["Reinforced Body","Stack+1"],"picked":"Self Repair","floor":20},{"not_picked":["Skim","Sweeping Beam","Steam Power"],"picked":"SKIP","floor":22}],"player_experience":1258850,"relics_obtained":[{"floor":6,"key":"Centennial Puzzle"},{"floor":9,"key":"Smiling Mask"},{"floor":14,"key":"Orichalcum"}],"event_choices":[{"damage_healed":0,"gold_gain":0,"cards_transformed":["Dualcast"],"player_choice":"Transformed","damage_taken":0,"max_hp_gain":0,"max_hp_loss":0,"event_name":"Transmorgrifier","floor":3,"gold_loss":0,"cards_obtained":["Melter"]},{"cards_removed":["Zap"],"damage_healed":0,"gold_gain":0,"player_choice":"Purged","damage_taken":0,"max_hp_gain":0,"max_hp_loss":0,"event_name":"Purifier","floor":11,"gold_loss":0},{"damage_healed":0,"gold_gain":0,"player_choice":"Paid Gold","damage_taken":0,"relics_obtained":["Pocketwatch"],"max_hp_gain":0,"max_hp_loss":0,"event_name":"WeMeetAgain","floor":21,"gold_loss":63}],"is_beta":false,"boss_relics":[{"not_picked":["Pandora\u0027s Box","Astrolabe"],"picked":"SacredBark"}],"items_purged_floors":[19],"is_endless":false,"potions_floor_spawned":[5,12,14,18],"killed_by":"Book of Stabbing","ascension_level":20}