{"gold_per_floor":[113,19,19,19,19,45,45,73,73,88,101,115,70,43,43,146,146,166,166,183,197,44,69,81,81,81,81,93,119,119,137,137,236,236,251,263,263,276,14,43,53,88,88,108,108,108,8,24,24,24,24,24,24,53,53],"floor_reached":55,"playtime":3047,"items_purged":["Blizzard","Doubt"],"score":1241,"play_id":"dee136bd-2a95-47a5-b00d-f60efb30073d","local_time":"20221207131300","is_ascension_mode":true,"campfire_choices":[{"data":"Defend_B","floor":7,"key":"SMITH"},{"floor":15,"key":"REST"},{"data":"Skim","floor":25,"key":"SMITH"},{"data":"Blizzard","floor":27,"key":"SMITH"},{"data":"Chill","floor":30,"key":"SMITH"},{"floor":32,"key":"REST"},{"floor":49,"key":"RECALL"},{"data":"Seek","floor":52,"key":"SMITH"}],"neow_cost":"NONE","seed_source_timestamp":69469831227200,"circlet_count":0,"master_deck":["AscendersBane","Reboot","Cold Snap","Ball Lightning+1","Hello World","Cold Snap","Go for the Eyes","FTL","Cold Snap+1","Cold Snap","Cold Snap+1","Electrodynamics","Chill+1","Blizzard+1","Chill","Sunder","Skim+1","Seek","Hello World","RitualDagger","Turbo+1","Stack","Seek+1","Cold Snap","Force Field+1","Seek","All For One","Scrape+1","Trip","Stack","Stack","Cold Snap+1","Seek","Scrape+1","Echo Form"],"relics":["FrozenCore","InkBottle","Bronze Scales","Question Card","Pandora\u0027s Box","DataDisk","Blue Candle","Nunchaku","StoneCalendar","Whetstone","Symbiotic Virus","Mummified Hand"],"potions_floor_usage":[8,16,16,20,23,28,29,33,40,40,42,44],"damage_taken":[{"damage":7,"enemies":"Small Slimes","floor":1,"turns":3},{"damage":14,"enemies":"Gremlin Nob","floor":6,"turns":4},{"damage":15,"enemies":"3 Sentries","floor":8,"turns":6},{"damage":0,"enemies":"Jaw Worm","floor":10,"turns":2},{"damage":6,"enemies":"2 Louse","floor":11,"turns":2},{"damage":0,"enemies":"Blue Slaver","floor":12,"turns":2},{"damage":16,"enemies":"The Guardian","floor":16,"turns":10},{"damage":8,"enemies":"Shell Parasite","floor":18,"turns":4},{"damage":5,"enemies":"Spheric Guardian","floor":20,"turns":4},{"damage":0,"enemies":"3 Cultists","floor":21,"turns":3},{"damage":6,"enemies":"Slavers","floor":23,"turns":3},{"damage":7,"enemies":"Snecko","floor":24,"turns":3},{"damage":0,"enemies":"Chosen and Byrds","floor":28,"turns":3},{"damage":9,"enemies":"Book of Stabbing","floor":29,"turns":5},{"damage":0,"enemies":"Sentry and Sphere","floor":31,"turns":3},{"damage":49,"enemies":"Collector","floor":33,"turns":9},{"damage":0,"enemies":"3 Darklings","floor":35,"turns":3},{"damage":5,"enemies":"3 Shapes","floor":36,"turns":2},{"damage":11,"enemies":"Spire Growth","floor":38,"turns":5},{"damage":0,"enemies":"Reptomancer","floor":40,"turns":7},{"damage":0,"enemies":"Sphere and 2 Shapes","floor":41,"turns":3},{"damage":37,"enemies":"Nemesis","floor":42,"turns":8},{"damage":0,"enemies":"Jaw Worm Horde","floor":44,"turns":1},{"damage":0,"enemies":"Spire Growth","floor":48,"turns":4},{"damage":59,"enemies":"Donu and Deca","floor":50,"turns":10},{"damage":16,"enemies":"Shield and Spear","floor":54,"turns":5},{"damage":46,"enemies":"The Heart","floor":55,"turns":3}],"seed_played":"-4877470336543902850","potions_obtained":[{"floor":6,"key":"DuplicationPotion"},{"floor":11,"key":"SteroidPotion"},{"floor":12,"key":"GamblersBrew"},{"floor":18,"key":"Regen Potion"},{"floor":20,"key":"FocusPotion"},{"floor":23,"key":"AttackPotion"},{"floor":28,"key":"PotionOfCapacity"},{"floor":31,"key":"DistilledChaos"},{"floor":35,"key":"Dexterity Potion"},{"floor":38,"key":"EssenceOfSteel"},{"floor":42,"key":"Swift Potion"},{"floor":54,"key":"BlessingOfTheForge"}],"is_trial":false,"path_per_floor":["M","$","?","?","?","E","R","E","T","M","M","M","$","$","R","B",null,"M","?","M","M","$","E","M","R","T","R","M","E","R","M","R","B",null,"M","M","?","M","$","E","M","E","T","M","?","?","$","M","R","B",null,"R","$","E","B"],"character_chosen":"DEFECT","items_purchased":["Ball Lightning","Hello World","Cold Snap","Cold Snap","DataDisk","Trip","Energy Potion","Stack"],"campfire_rested":2,"item_purchase_floors":[2,2,13,14,22,39,39,39],"current_hp_per_floor":[61,61,46,71,64,50,50,35,35,35,29,29,29,29,51,35,65,57,51,58,58,58,52,45,45,45,45,45,36,36,36,58,9,59,59,54,54,43,43,43,43,6,6,6,6,75,75,75,75,16,60,60,60,44,0],"gold":53,"neow_bonus":"ONE_RANDOM_RARE_CARD","is_prod":false,"is_daily":false,"chose_seed":false,"campfire_upgraded":5,"win_rate":0,"timestamp":1670436780,"path_taken":["M","$","?","?","?","E","R","E","T","M","?","M","?","$","R","BOSS","M","?","M","M","$","E","M","R","T","R","M","E","R","M","R","BOSS","M","M","?","M","$","E","M","E","T","?","?","?","$","M","R","BOSS","R","$","E","BOSS"],"build_version":"2022-12-01","purchased_purges":2,"victory":false,"max_hp_per_floor":[75,75,75,75,75,75,75,75,75,75,75,75,75,75,75,75,75,75,75,75,75,75,75,75,75,75,75,75,75,75,75,75,75,75,75,75,75,75,75,75,75,75,75,75,75,75,75,75,75,75,75,75,75,75,75],"card_choices":[{"not_picked":["Streamline","Stack"],"picked":"Cold Snap","floor":1},{"not_picked":["Ball Lightning","Go for the Eyes"],"picked":"Cold Snap","floor":6},{"not_picked":["Coolheaded","Rebound"],"picked":"Go for the Eyes","floor":8},{"not_picked":["Gash","Defragment","Heatsinks"],"picked":"FTL","floor":10},{"not_picked":["Doom and Gloom","Chaos","Barrage","Turbo"],"picked":"SKIP","floor":11},{"not_picked":["Storm","Redo","Compile Driver"],"picked":"Cold Snap","floor":12},{"not_picked":["Creative AI","Core Surge","Seek"],"picked":"Electrodynamics","floor":16},{"not_picked":["Skim+1","Hologram+1","Tempest+1","Go for the Eyes"],"picked":"SKIP","floor":18},{"not_picked":["Gash","Static Discharge","Genetic Algorithm"],"picked":"Turbo+1","floor":20},{"not_picked":["Gash","Coolheaded","Barrage+1"],"picked":"Stack","floor":21},{"not_picked":["Coolheaded","Sweeping Beam","Consume+1"],"picked":"Seek","floor":23},{"not_picked":["Heatsinks","Sweeping Beam","Auto Shields"],"picked":"Cold Snap","floor":24},{"not_picked":["Turbo","Auto Shields","Coolheaded","Defragment"],"picked":"SKIP","floor":28},{"not_picked":["Go for the Eyes","BootSequence","Sunder"],"picked":"Force Field+1","floor":29},{"not_picked":["Aggregate+1","Beam Cell+1","Hologram"],"picked":"Seek","floor":31},{"not_picked":["Reboot","Core Surge","Biased Cognition"],"picked":"All For One","floor":33},{"not_picked":["Turbo","Sweeping Beam","Ball Lightning","Stack+1"],"picked":"SKIP","floor":35},{"not_picked":["Turbo+1","Rip and Tear+1","Leap"],"picked":"Scrape+1","floor":36},{"not_picked":["Conserve Battery","Beam Cell+1","Amplify","Scrape"],"picked":"SKIP","floor":38},{"not_picked":["Redo","Static Discharge+1","Barrage+1"],"picked":"Stack","floor":40},{"not_picked":["Compile Driver+1","Hello World+1","Ball Lightning+1"],"picked":"Cold Snap+1","floor":41},{"not_picked":["Sweeping Beam+1","Leap","Cold Snap"],"picked":"Seek","floor":42},{"not_picked":["Ball Lightning","Sunder","Turbo+1","Streamline+1"],"picked":"SKIP","floor":44},{"not_picked":["Loop+1","Redo","Stack+1"],"picked":"Scrape+1","floor":48},{"not_picked":["Compile Driver+1","Cold Snap","Hologram"],"picked":"Echo Form","floor":54}],"player_experience":1259803,"relics_obtained":[{"floor":6,"key":"InkBottle"},{"floor":8,"key":"Bronze Scales"},{"floor":9,"key":"Question Card"},{"floor":23,"key":"Blue Candle"},{"floor":29,"key":"Nunchaku"},{"floor":40,"key":"StoneCalendar"},{"floor":42,"key":"Whetstone"},{"floor":43,"key":"Symbiotic Virus"},{"floor":54,"key":"Mummified Hand"}],"event_choices":[{"damage_healed":0,"gold_gain":0,"player_choice":"Entered Light","damage_taken":15,"max_hp_gain":0,"max_hp_loss":0,"event_name":"Shining Light","floor":3,"gold_loss":0,"cards_upgraded":["Zap","Ball Lightning"]},{"damage_healed":25,"gold_gain":0,"player_choice":"Banana","damage_taken":0,"max_hp_gain":0,"max_hp_loss":0,"event_name":"Big Fish","floor":4,"gold_loss":0},{"cards_removed":["Dualcast"],"damage_healed":0,"gold_gain":0,"player_choice":"Card Removal","damage_taken":7,"max_hp_gain":0,"max_hp_loss":0,"event_name":"Golden Wing","floor":5,"gold_loss":0},{"damage_healed":0,"gold_gain":0,"player_choice":"Joined the Cult","damage_taken":6,"max_hp_gain":0,"max_hp_loss":0,"event_name":"Nest","floor":19,"gold_loss":0,"cards_obtained":["RitualDagger"]},{"cards_removed":["Zap"],"damage_healed":0,"gold_gain":0,"player_choice":"Purged","damage_taken":0,"max_hp_gain":0,"max_hp_loss":0,"event_name":"Purifier","floor":37,"gold_loss":0},{"damage_healed":0,"gold_gain":0,"player_choice":"Ignored","damage_taken":0,"max_hp_gain":0,"max_hp_loss":0,"event_name":"Mysterious Sphere","floor":45,"gold_loss":0},{"damage_healed":69,"gold_gain":0,"player_choice":"Heal","damage_taken":0,"max_hp_gain":0,"max_hp_loss":0,"event_name":"MindBloom","floor":46,"gold_loss":0,"cards_obtained":["Doubt"]}],"is_beta":false,"boss_relics":[{"not_picked":["Coffee Dripper","Fusion Hammer"],"picked":"Pandora\u0027s Box"},{"not_picked":["Sozu","Cursed Key"],"picked":"FrozenCore"}],"items_purged_floors":[39,47],"is_endless":false,"potions_floor_spawned":[6,11,12,18,20,23,28,31,35,38,42,54],"killed_by":"The Heart","ascension_level":10}