{"gold_per_floor":[110,13,13,64,214,226,226,245,245,245,277,290,290,309,309,387,387,407,426,235,255,255],"floor_reached":22,"playtime":826,"items_purged":["Doubt"],"score":372,"play_id":"ccff59df-ed17-46e8-90ed-52054038a9c1","local_time":"20221209234949","is_ascension_mode":true,"campfire_choices":[{"data":"Dualcast","floor":7.0,"key":"SMITH"},{"floor":10.0,"key":"REST"},{"floor":13.0,"key":"REST"},{"floor":15.0,"key":"REST"}],"neow_cost":"PERCENT_DAMAGE","seed_source_timestamp":282528217459800,"circlet_count":0,"master_deck":["AscendersBane","Strike_B","Strike_B","Defend_B","Defend_B","Defend_B","Zap","Dualcast+1","Impatience","Streamline","Go for the Eyes","Steam","Go for the Eyes","Leap","Buffer","Ball Lightning+1","Recycle+1","Core Surge+1","Conserve Battery","Steam","Cold Snap","Dramatic Entrance"],"special_seed":0,"relics":["Cracked Core","Dead Branch","MealTicket","Centennial Puzzle","Happy Flower","Astrolabe"],"potions_floor_usage":[21,21,22],"damage_taken":[{"damage":0.0,"enemies":"Small Slimes","floor":1.0,"turns":2.0},{"damage":7.0,"enemies":"Jaw Worm","floor":6.0,"turns":3.0},{"damage":8.0,"enemies":"2 Louse","floor":8.0,"turns":2.0},{"damage":50.0,"enemies":"Gremlin Nob","floor":11.0,"turns":5.0},{"damage":0.0,"enemies":"Large Slime","floor":12.0,"turns":5.0},{"damage":2.0,"enemies":"Blue Slaver","floor":14.0,"turns":3.0},{"damage":34.0,"enemies":"Hexaghost","floor":16.0,"turns":9.0},{"damage":6.0,"enemies":"Chosen","floor":18.0,"turns":5.0},{"damage":17,"enemies":"Spheric Guardian","floor":19,"turns":4},{"damage":24,"enemies":"Chosen and Byrds","floor":21,"turns":6},{"damage":27,"enemies":"Centurion and Healer","floor":22,"turns":6}],"seed_played":"-6856775899076419757","potions_obtained":[{"floor":6.0,"key":"CultistPotion"},{"floor":11.0,"key":"EssenceOfSteel"},{"floor":12.0,"key":"LiquidBronze"},{"floor":14.0,"key":"ColorlessPotion"},{"floor":16.0,"key":"SpeedPotion"},{"floor":19,"key":"FocusPotion"},{"floor":21,"key":"Dexterity Potion"}],"is_trial":false,"path_per_floor":["M","$","?","T","?","M","R","M","T","R","E","M","R","M","R","B",null,"M","M","$","M","M"],"character_chosen":"DEFECT","items_purchased":["Impatience","Cold Snap","Dramatic Entrance"],"campfire_rested":3,"item_purchase_floors":[2,20,20],"current_hp_per_floor":[46,46,46,46,46,39,39,31,31,52,2,2,23,21,42,8,55,49,32,47,23,0],"gold":255,"neow_bonus":"ONE_RARE_RELIC","is_prod":false,"is_daily":false,"chose_seed":false,"campfire_upgraded":1,"win_rate":0,"timestamp":1670647789,"path_taken":["M","$","?","?","?","M","R","M","T","R","E","M","R","M","R","BOSS","M","M","$","M","M"],"build_version":"2022-12-01","purchased_purges":1,"victory":false,"max_hp_per_floor":[71,71,71,71,71,71,71,71,71,71,71,71,71,71,71,71,71,71,71,71,71,71],"card_choices":[{"not_picked":["Conserve Battery","Fusion","Stack"],"picked":"SKIP","floor":1.0},{"not_picked":["Doom and Gloom","Rip and Tear"],"picked":"Streamline","floor":6.0},{"not_picked":["Force Field","Coolheaded"],"picked":"Go for the Eyes","floor":8.0},{"not_picked":["Defragment","Cold Snap"],"picked":"Steam","floor":11.0},{"not_picked":["Turbo","Chaos"],"picked":"Go for the Eyes","floor":12.0},{"not_picked":["Hologram","Fusion"],"picked":"Leap","floor":14.0},{"not_picked":["Echo Form","Multi-Cast"],"picked":"Buffer","floor":16.0},{"not_picked":["Aggregate+1","Hologram"],"picked":"Conserve Battery","floor":18.0},{"not_picked":["Sweeping Beam","BootSequence"],"picked":"Steam","floor":19},{"not_picked":["Sweeping Beam","Stack","FTL"],"picked":"SKIP","floor":21}],"player_experience":1285323,"relics_obtained":[{"floor":4.0,"key":"MealTicket"},{"floor":9.0,"key":"Centennial Puzzle"},{"floor":11.0,"key":"Happy Flower"}],"event_choices":[{"damage_healed":0.0,"max_hp_gain":0.0,"max_hp_loss":0.0,"gold_gain":0.0,"event_name":"Shining Light","player_choice":"Ignored","floor":3.0,"gold_loss":0.0,"damage_taken":0.0},{"damage_healed":0.0,"max_hp_gain":0.0,"max_hp_loss":0.0,"gold_gain":150.0,"event_name":"Liars Game","player_choice":"AGREE","floor":5.0,"gold_loss":0.0,"damage_taken":0.0,"cards_obtained":["Doubt"]}],"is_beta":false,"boss_relics":[{"not_picked":["Black Star","Pandora\u0027s Box"],"picked":"Astrolabe"}],"items_purged_floors":[20],"is_endless":false,"potions_floor_spawned":[6,11,12,14,16,19,21],"killed_by":"Centurion and Healer","ascension_level":20}