{"gold_per_floor":[111,111,122,122,141,141,172,186,186,111,127,127,147,162,162,162],"floor_reached":16,"playtime":566,"items_purged":["Dualcast"],"score":208,"play_id":"5bc4cb7e-4a54-46a7-973d-619ddd59a6bf","local_time":"20221210110545","is_ascension_mode":true,"campfire_choices":[{"floor":6,"key":"REST"},{"data":"Self Repair","floor":12,"key":"SMITH"},{"floor":15,"key":"REST"}],"neow_cost":"PERCENT_DAMAGE","seed_source_timestamp":323523330683200,"circlet_count":0,"master_deck":["AscendersBane","Strike_B","Strike_B","Strike_B","Strike_B","Defend_B","Defend_B","Defend_B","Defend_B","Electrodynamics","Cold Snap","Leap","Cold Snap","Self Repair+1","Cold Snap","Chill","Streamline"],"relics":["Cracked Core","Gremlin Horn","Bag of Preparation","Sundial"],"potions_floor_usage":[11,16],"damage_taken":[{"damage":2,"enemies":"2 Louse","floor":1,"turns":2},{"damage":0,"enemies":"Small Slimes","floor":3,"turns":3},{"damage":0,"enemies":"Cultist","floor":5,"turns":3},{"damage":32,"enemies":"Gremlin Nob","floor":7,"turns":4},{"damage":5,"enemies":"Exordium Thugs","floor":8,"turns":4},{"damage":14,"enemies":"Exordium Wildlife","floor":11,"turns":5},{"damage":2,"enemies":"3 Louse","floor":13,"turns":4},{"damage":0,"enemies":"Large Slime","floor":14,"turns":5},{"damage":61,"enemies":"Hexaghost","floor":16,"turns":9}],"seed_played":"-6214847234824791619","potions_obtained":[{"floor":3,"key":"Strength Potion"},{"floor":7,"key":"LiquidBronze"},{"floor":11,"key":"BlessingOfTheForge"}],"is_trial":false,"path_per_floor":["M","?","M","?","M","R","E","M","T","$","M","R","M","M","R","B"],"character_chosen":"DEFECT","items_purchased":[],"campfire_rested":2,"item_purchase_floors":[],"current_hp_per_floor":[44,37,37,37,37,58,26,28,28,28,21,21,29,39,60,0],"gold":162,"neow_bonus":"THREE_RARE_CARDS","is_prod":false,"is_daily":false,"chose_seed":false,"campfire_upgraded":1,"win_rate":0,"timestamp":1670688345,"path_taken":["M","?","M","?","M","R","E","M","T","$","?","R","M","M","R","BOSS"],"build_version":"2022-12-01","purchased_purges":1,"victory":false,"max_hp_per_floor":[71,71,71,71,71,71,71,71,71,71,71,71,71,71,71,71],"card_choices":[{"not_picked":["Seek","Rainbow"],"picked":"Electrodynamics","floor":0},{"not_picked":["Barrage","Glacier"],"picked":"Cold Snap","floor":1},{"not_picked":["Sweeping Beam","Streamline"],"picked":"Leap","floor":3},{"not_picked":["Redo","Stack"],"picked":"Cold Snap","floor":5},{"not_picked":["Gash","Genetic Algorithm"],"picked":"Self Repair","floor":7},{"not_picked":["Fission","Turbo"],"picked":"Cold Snap","floor":8},{"not_picked":["Cold Snap","Melter"],"picked":"Chill","floor":11},{"not_picked":["Force Field","Stack","Conserve Battery"],"picked":"SKIP","floor":13},{"not_picked":["Rebound","Redo"],"picked":"Streamline","floor":14}],"player_experience":1290222,"relics_obtained":[{"floor":7,"key":"Bag of Preparation"},{"floor":9,"key":"Sundial"}],"event_choices":[{"cards_removed":["Zap"],"damage_healed":0,"gold_gain":0,"player_choice":"Card Removal","damage_taken":7,"max_hp_gain":0,"max_hp_loss":0,"event_name":"Golden Wing","floor":2,"gold_loss":0},{"damage_healed":0,"gold_gain":0,"player_choice":"Gave Potion","damage_taken":0,"relics_obtained":["Gremlin Horn"],"max_hp_gain":0,"max_hp_loss":0,"event_name":"WeMeetAgain","floor":4,"gold_loss":0}],"is_beta":false,"boss_relics":[],"items_purged_floors":[10],"is_endless":false,"potions_floor_spawned":[3,7,11],"killed_by":"Hexaghost","ascension_level":20}