{"gold_per_floor":[12,12,12,36,1,1,21,21,94,94,107,122,122,141,141,266,266,279,279,279,279],"floor_reached":21,"playtime":698,"items_purged":[],"score":169,"play_id":"8e807989-9964-4700-9645-8d47ee061873","local_time":"20221210133224","is_ascension_mode":false,"campfire_choices":[{"data":"Eruption","floor":6.0,"key":"SMITH"},{"data":"Vigilance","floor":8.0,"key":"SMITH"},{"data":"Master of Strategy","floor":10.0,"key":"SMITH"},{"data":"FlurryOfBlows","floor":13.0,"key":"SMITH"},{"floor":15.0,"key":"REST"}],"neow_cost":"NO_GOLD","seed_source_timestamp":332154006776800,"circlet_count":0,"master_deck":["Strike_P","Strike_P","Strike_P","Strike_P+1","Defend_P","Defend_P","Defend_P","Defend_P+1","Eruption+1","Vigilance+1","Master of Strategy+1","FlurryOfBlows+1","EmptyBody","Perseverance+1","Halt+1","FlurryOfBlows","Purity+1","PanicButton+1","Madness+1","Dramatic Entrance","Madness+1","Enlightenment+1"],"special_seed":0,"relics":["PureWater","Golden Idol","Toxic Egg 2","Philosopher\u0027s Stone"],"potions_floor_usage":[16,16,18,21],"damage_taken":[{"damage":1.0,"enemies":"Jaw Worm","floor":1.0,"turns":3.0},{"damage":0.0,"enemies":"Small Slimes","floor":4.0,"turns":3.0},{"damage":0.0,"enemies":"2 Louse","floor":7.0,"turns":1.0},{"damage":0.0,"enemies":"2 Fungi Beasts","floor":11.0,"turns":3.0},{"damage":1.0,"enemies":"Exordium Wildlife","floor":12.0,"turns":2.0},{"damage":7.0,"enemies":"Exordium Thugs","floor":14.0,"turns":4.0},{"damage":13,"enemies":"Hexaghost","floor":16,"turns":9},{"damage":0,"enemies":"3 Byrds","floor":18,"turns":5},{"damage":18,"enemies":"Masked Bandits","floor":21,"turns":3}],"seed_played":"3517371942275139860","potions_obtained":[{"floor":1.0,"key":"SpeedPotion"},{"floor":7.0,"key":"Ambrosia"},{"floor":16,"key":"Fire Potion"}],"is_trial":false,"path_per_floor":["M","?","?","M","?","R","M","R","T","R","M","M","R","M","R","B",null,"M","?","?","?"],"character_chosen":"WATCHER","items_purchased":[],"campfire_rested":1,"item_purchase_floors":[],"current_hp_per_floor":[71,53,39,39,57,57,57,57,57,57,57,56,56,49,70,57,72,72,9,9,0],"gold":279,"neow_bonus":"RANDOM_COLORLESS_2","is_prod":false,"is_daily":false,"chose_seed":false,"campfire_upgraded":4,"win_rate":0,"timestamp":1670697144,"path_taken":["M","?","?","M","?","R","M","R","T","R","M","M","R","M","R","BOSS","M","?","?","?"],"build_version":"2022-12-01","purchased_purges":0,"victory":false,"max_hp_per_floor":[72,72,72,72,72,72,72,72,72,72,72,72,72,72,72,72,72,72,72,72,77],"card_choices":[{"not_picked":["Secret Weapon","Violence"],"picked":"Master of Strategy","floor":0.0},{"not_picked":["Evaluate","Collect"],"picked":"FlurryOfBlows","floor":1.0},{"not_picked":["ThirdEye","Crescendo","Weave"],"picked":"SKIP","floor":4.0},{"not_picked":["FlyingSleeves","FollowUp"],"picked":"EmptyBody","floor":7.0},{"not_picked":["CutThroughFate","Wireheading"],"picked":"Perseverance+1","floor":11.0},{"not_picked":["LikeWater","CrushJoints","Evaluate+1"],"picked":"SKIP","floor":12.0},{"not_picked":["Pray+1","FlyingSleeves"],"picked":"Halt+1","floor":14.0},{"not_picked":["PathToVictory+1","WaveOfTheHand+1"],"picked":"FlurryOfBlows","floor":18}],"player_experience":1295946,"relics_obtained":[{"floor":9.0,"key":"Toxic Egg 2"}],"event_choices":[{"damage_healed":0.0,"max_hp_gain":0.0,"max_hp_loss":0.0,"gold_gain":0.0,"event_name":"Golden Idol","player_choice":"Take Damage","floor":2.0,"gold_loss":0.0,"damage_taken":18.0,"relics_obtained":["Golden Idol"]},{"damage_healed":0.0,"max_hp_gain":0.0,"max_hp_loss":0.0,"gold_gain":0.0,"event_name":"Shining Light","player_choice":"Entered Light","floor":3.0,"gold_loss":0.0,"damage_taken":14.0,"cards_upgraded":["Defend_P","Strike_P"]},{"damage_healed":18.0,"max_hp_gain":0.0,"max_hp_loss":0.0,"gold_gain":0.0,"event_name":"The Cleric","player_choice":"Healed","floor":5.0,"gold_loss":35.0,"damage_taken":0.0},{"damage_healed":0,"gold_gain":0,"player_choice":"POTION CARD CARD CARD CARD CARD CARD ","damage_taken":63,"max_hp_gain":0,"max_hp_loss":0,"event_name":"Knowing Skull","floor":19,"potions_obtained":["Fruit Juice"],"gold_loss":0,"cards_obtained":["Purity","PanicButton","Madness","Dramatic Entrance","Madness","Enlightenment"]},{"damage_healed":0,"gold_gain":0,"player_choice":"Ignored","damage_taken":0,"max_hp_gain":0,"max_hp_loss":0,"event_name":"betterNote:BetterNote","floor":20,"gold_loss":0,"cards_obtained":["Limit Break"]},{"damage_healed":0,"gold_gain":0,"player_choice":"Fought Bandits","damage_taken":0,"max_hp_gain":0,"max_hp_loss":0,"event_name":"Masked Bandits","floor":21,"gold_loss":0}],"is_beta":false,"boss_relics":[{"not_picked":["Snecko Eye","Tiny House"],"picked":"Philosopher\u0027s Stone"}],"items_purged_floors":[],"is_endless":false,"potions_floor_spawned":[1,7,16],"killed_by":"Masked Bandits","ascension_level":0}