{"gold_per_floor":[367,261,273,2,2,2,34,34,34,34,34,34,52,87,87,165,165,184,195,38,55,18,18,43,58,58,77,77,112,112,132,132,132],"floor_reached":33,"playtime":1684,"items_purged":[],"score":586,"play_id":"ba4b72bf-e38e-410f-9e3e-8a35130ca2de","local_time":"20221209231657","is_ascension_mode":true,"campfire_choices":[{"data":"Go for the Eyes","floor":6,"key":"SMITH"},{"data":"Dualcast","floor":8,"key":"SMITH"},{"data":"Go for the Eyes","floor":10,"key":"SMITH"},{"floor":15,"key":"REST"},{"data":"Glacier","floor":23,"key":"SMITH"},{"data":"Go for the Eyes","floor":28,"key":"SMITH"},{"data":"Coolheaded","floor":30,"key":"SMITH"},{"data":"Undo","floor":32,"key":"SMITH"}],"neow_cost":"TEN_PERCENT_HP_LOSS","seed_source_timestamp":279877823702000,"circlet_count":0,"master_deck":["AscendersBane","Strike_B","Strike_B","Strike_B","Strike_B","Defend_B","Defend_B","Defend_B","Defend_B","Dualcast+1","Compile Driver","Cold Snap","Go for the Eyes+1","Hello World","Cold Snap","Go for the Eyes+1","Coolheaded+1","Glacier+1","Reboot","Ball Lightning+1","Auto Shields","Self Repair+1","Sunder","Go for the Eyes+1","Undo+1"],"relics":["FrozenCore","PreservedInsect","DataDisk","Torii","Boot","Strange Spoon","Pocketwatch","Nunchaku","Smiling Mask"],"potions_floor_usage":[14,16,18,18,25,29,33],"damage_taken":[{"damage":7,"enemies":"Jaw Worm","floor":1,"turns":3},{"damage":2,"enemies":"2 Louse","floor":3,"turns":3},{"damage":29,"enemies":"Gremlin Nob","floor":7,"turns":5},{"damage":0,"enemies":"Cultist","floor":13,"turns":3},{"damage":6,"enemies":"3 Sentries","floor":14,"turns":6},{"damage":15,"enemies":"Hexaghost","floor":16,"turns":11},{"damage":0,"enemies":"Chosen","floor":18,"turns":5},{"damage":1,"enemies":"Spheric Guardian","floor":19,"turns":5},{"damage":0,"enemies":"Shelled Parasite and Fungi","floor":21,"turns":10},{"damage":2,"enemies":"Book of Stabbing","floor":24,"turns":6},{"damage":1,"enemies":"Snecko","floor":25,"turns":6},{"damage":1,"enemies":"Chosen and Byrds","floor":27,"turns":7},{"damage":7,"enemies":"Slavers","floor":29,"turns":8},{"damage":0,"enemies":"Snake Plant","floor":31,"turns":5},{"damage":72,"enemies":"Collector","floor":33,"turns":10}],"seed_played":"-8309924335164443425","potions_obtained":[{"floor":7,"key":"EssenceOfSteel"},{"floor":13,"key":"Strength Potion"},{"floor":14,"key":"Fire Potion"},{"floor":16,"key":"Block Potion"},{"floor":21,"key":"Ancient Potion"},{"floor":27,"key":"BlessingOfTheForge"},{"floor":31,"key":"Weak Potion"}],"is_trial":false,"path_per_floor":["M","$","M","$","?","R","E","R","T","R","?","?","M","E","R","B",null,"M","M","$","M","$","R","E","M","T","M","R","E","R","M","R","B"],"character_chosen":"DEFECT","items_purchased":["Cold Snap","Go for the Eyes","Cold Snap","PreservedInsect","Go for the Eyes","Strange Spoon","Sunder"],"campfire_rested":1,"item_purchase_floors":[2,2,4,4,4,20,22],"current_hp_per_floor":[57,57,55,55,60,60,31,31,31,31,31,31,31,25,45,30,59,59,58,58,58,58,58,56,65,65,69,69,69,69,69,69,0],"gold":132,"neow_bonus":"TWO_FIFTY_GOLD","is_prod":false,"is_daily":false,"chose_seed":false,"campfire_upgraded":7,"win_rate":0,"timestamp":1670645817,"path_taken":["M","$","M","$","?","R","E","R","T","R","?","?","M","E","R","BOSS","M","M","$","?","?","R","E","?","T","M","R","E","R","M","R","BOSS"],"build_version":"2022-12-01","purchased_purges":0,"victory":false,"max_hp_per_floor":[64,64,64,64,69,69,69,69,69,69,69,69,69,69,69,69,69,69,69,69,69,69,69,69,69,69,69,69,69,69,69,69,69],"card_choices":[{"not_picked":["Streamline","Conserve Battery"],"picked":"Compile Driver","floor":1},{"not_picked":["Compile Driver","Storm"],"picked":"Hello World","floor":3},{"not_picked":["Chaos","Stack"],"picked":"Coolheaded","floor":7},{"not_picked":["BootSequence","Leap"],"picked":"Glacier","floor":13},{"not_picked":["Loop","Turbo","Lockon"],"picked":"SKIP","floor":14},{"not_picked":["Multi-Cast","Fission"],"picked":"Reboot","floor":16},{"not_picked":["Recycle","Lockon"],"picked":"Ball Lightning+1","floor":18},{"not_picked":["Barrage+1","Conserve Battery"],"picked":"Auto Shields","floor":19},{"not_picked":["Meteor Strike","Ball Lightning"],"picked":"Self Repair+1","floor":21},{"not_picked":["Meteor Strike","Storm","Tempest"],"picked":"SKIP","floor":24},{"not_picked":["Barrage","Reinforced Body"],"picked":"Go for the Eyes","floor":25},{"not_picked":["Force Field","Storm","Recycle+1"],"picked":"SKIP","floor":27},{"not_picked":["Barrage","Beam Cell","Sweeping Beam"],"picked":"SKIP","floor":29},{"not_picked":["Rebound","Hello World"],"picked":"Undo","floor":31}],"player_experience":1282705,"relics_obtained":[{"floor":7,"key":"DataDisk"},{"floor":9,"key":"Torii"},{"floor":14,"key":"Boot"},{"floor":24,"key":"Pocketwatch"},{"floor":26,"key":"Nunchaku"},{"floor":29,"key":"Smiling Mask"}],"event_choices":[{"damage_healed":0,"gold_gain":0,"player_choice":"Donut","damage_taken":0,"max_hp_gain":5,"max_hp_loss":0,"event_name":"Big Fish","floor":5,"gold_loss":0},{"damage_healed":0,"gold_gain":0,"player_choice":"Ignored","damage_taken":0,"max_hp_gain":0,"max_hp_loss":0,"event_name":"Liars Game","floor":11,"gold_loss":0},{"cards_removed":["Zap"],"damage_healed":0,"gold_gain":0,"player_choice":"Purged","damage_taken":0,"max_hp_gain":0,"max_hp_loss":0,"event_name":"Purifier","floor":12,"gold_loss":0}],"is_beta":false,"boss_relics":[{"not_picked":["Black Star","Snecko Eye"],"picked":"FrozenCore"}],"items_purged_floors":[],"is_endless":false,"potions_floor_spawned":[7,13,14,16,21,27,31],"killed_by":"Collector","ascension_level":20}