{"gold_per_floor":[113,113,42,52,52,93,93,133,133,149,169,169,190,211,211,211],"floor_reached":16,"playtime":641,"items_purged":[],"score":137,"play_id":"1bad9bc4-f687-418a-a3a5-695f7f9d4a0b","local_time":"20221210132000","is_ascension_mode":false,"campfire_choices":[{"data":"Conclude","floor":7,"key":"SMITH"},{"floor":12,"key":"REST"},{"floor":15,"key":"REST"}],"neow_cost":"NONE","seed_source_timestamp":331501971560600,"circlet_count":0,"master_deck":["Strike_P","Strike_P","Strike_P","Strike_P","Defend_P","Defend_P","Defend_P","Defend_P","Vigilance","ClearTheMind","Vengeance","DeceiveReality","Conclude+1","Worship","Fasting2","Sanctity"],"relics":["PureWater","NeowsBlessing","Golden Idol","Matryoshka","Akabeko","MealTicket","PreservedInsect"],"potions_floor_usage":[8,10,13,16,16],"damage_taken":[{"damage":0,"enemies":"Jaw Worm","floor":1,"turns":1},{"damage":0,"enemies":"2 Louse","floor":4,"turns":1},{"damage":0,"enemies":"Gremlin Nob","floor":6,"turns":1},{"damage":14,"enemies":"3 Sentries","floor":8,"turns":8},{"damage":10,"enemies":"Small Slimes","floor":10,"turns":2},{"damage":0,"enemies":"Exordium Thugs","floor":11,"turns":4},{"damage":0,"enemies":"3 Louse","floor":13,"turns":3},{"damage":4,"enemies":"Red Slaver","floor":14,"turns":4},{"damage":61,"enemies":"Hexaghost","floor":16,"turns":14}],"seed_played":"1708593057259552271","potions_obtained":[{"floor":4,"key":"PowerPotion"},{"floor":8,"key":"DuplicationPotion"},{"floor":11,"key":"ColorlessPotion"},{"floor":13,"key":"CultistPotion"},{"floor":14,"key":"AttackPotion"}],"is_trial":false,"path_per_floor":["M","?","$","M","?","E","R","E","T","M","M","R","M","M","R","B"],"character_chosen":"WATCHER","items_purchased":["Vengeance"],"campfire_rested":2,"item_purchase_floors":[3],"current_hp_per_floor":[72,65,65,65,47,47,47,33,33,23,23,44,44,40,61,0],"gold":211,"neow_bonus":"THREE_ENEMY_KILL","is_prod":false,"is_daily":false,"chose_seed":false,"campfire_upgraded":1,"win_rate":0,"timestamp":1670696400,"path_taken":["M","?","$","M","?","E","R","E","T","M","M","R","M","M","R","BOSS"],"build_version":"2022-12-01","purchased_purges":0,"victory":false,"max_hp_per_floor":[72,72,72,72,72,72,72,72,72,72,72,72,72,72,72,72],"card_choices":[{"not_picked":["JustLucky","ForeignInfluence"],"picked":"ClearTheMind","floor":1},{"not_picked":["Conclude","Evaluate"],"picked":"DeceiveReality","floor":4},{"not_picked":["Prostrate","Pray"],"picked":"Conclude","floor":6},{"not_picked":["EmptyMind","CutThroughFate"],"picked":"Worship","floor":8},{"not_picked":["Protect","Adaptation"],"picked":"Fasting2","floor":10},{"not_picked":["FlurryOfBlows","Alpha","SandsOfTime"],"picked":"SKIP","floor":11},{"not_picked":["Pray","Study","ThirdEye"],"picked":"SKIP","floor":13},{"not_picked":["JustLucky","SignatureMove"],"picked":"Sanctity","floor":14}],"player_experience":1295305,"relics_obtained":[{"floor":6,"key":"Matryoshka"},{"floor":8,"key":"Akabeko"},{"floor":9,"key":"MealTicket"},{"floor":9,"key":"PreservedInsect"}],"event_choices":[{"cards_removed":["Eruption"],"damage_healed":0,"gold_gain":0,"player_choice":"Card Removal","damage_taken":7,"max_hp_gain":0,"max_hp_loss":0,"event_name":"Golden Wing","floor":2,"gold_loss":0},{"damage_healed":0,"gold_gain":0,"player_choice":"Take Damage","damage_taken":18,"relics_obtained":["Golden Idol"],"max_hp_gain":0,"max_hp_loss":0,"event_name":"Golden Idol","floor":5,"gold_loss":0}],"is_beta":false,"boss_relics":[],"items_purged_floors":[],"is_endless":false,"potions_floor_spawned":[4,8,11,13,14],"killed_by":"Hexaghost","ascension_level":0}