{"gold_per_floor":[116,116,133,113,128,160,160,188,213,248,266,266,266],"floor_reached":13,"playtime":567,"items_purged":[],"score":206,"play_id":"723a38c8-65fa-4292-9cf3-89b00b0cab68","local_time":"20221209232634","is_ascension_mode":true,"campfire_choices":[{"data":"Dualcast","floor":7,"key":"SMITH"},{"floor":12,"key":"REST"}],"neow_cost":"CURSE","seed_source_timestamp":281572696603500,"circlet_count":0,"master_deck":["AscendersBane","Strike_B","Strike_B","Strike_B","Strike_B","Defend_B","Defend_B","Defend_B","Defend_B","Dualcast+1","Writhe","Cold Snap","All For One","Leap","Steam","FTL","Recycle","Self Repair","Leap"],"relics":["Cracked Core","TungstenRod","Ancient Tea Set","Happy Flower","Lantern","Torii"],"potions_floor_usage":[5,6,6,8,10,11],"damage_taken":[{"damage":7,"enemies":"Small Slimes","floor":1,"turns":3},{"damage":0,"enemies":"Cultist","floor":3,"turns":4},{"damage":0,"enemies":"2 Louse","floor":5,"turns":2},{"damage":9,"enemies":"3 Sentries","floor":6,"turns":3},{"damage":23,"enemies":"Lagavulin","floor":8,"turns":13},{"damage":7,"enemies":"3 Sentries","floor":10,"turns":6},{"damage":0,"enemies":"Gremlin Gang","floor":11,"turns":6},{"damage":48,"enemies":"Gremlin Nob","floor":13,"turns":4}],"seed_played":"6487698124210773965","potions_obtained":[{"floor":3,"key":"Fire Potion"},{"floor":4,"key":"PowerPotion"},{"floor":5,"key":"BlessingOfTheForge"},{"floor":6,"key":"PowerPotion"},{"floor":8,"key":"Explosive Potion"},{"floor":10,"key":"Block Potion"}],"is_trial":false,"path_per_floor":["M","?","M","?","M","E","R","E","T","E","M","R","E"],"character_chosen":"DEFECT","items_purchased":[],"campfire_rested":1,"item_purchase_floors":[],"current_hp_per_floor":[57,57,57,57,57,48,48,25,25,18,25,46,0],"gold":266,"neow_bonus":"ONE_RARE_RELIC","is_prod":false,"is_daily":false,"chose_seed":false,"campfire_upgraded":1,"win_rate":0,"timestamp":1670646394,"path_taken":["M","?","?","?","?","E","R","E","T","E","M","R","E"],"build_version":"2022-12-01","purchased_purges":0,"victory":false,"max_hp_per_floor":[71,71,71,71,71,71,71,71,71,71,71,71,71],"card_choices":[{"not_picked":["Rip and Tear","Doom and Gloom"],"picked":"Cold Snap","floor":1},{"not_picked":["Coolheaded","Static Discharge"],"picked":"Leap","floor":3},{"not_picked":["Gash","Sweeping Beam"],"picked":"Steam","floor":5},{"not_picked":["Stack","Static Discharge"],"picked":"FTL","floor":6},{"not_picked":["Double Energy","Compile Driver"],"picked":"Recycle","floor":8},{"not_picked":["Beam Cell","BootSequence"],"picked":"Self Repair","floor":10},{"not_picked":["Capacitor","Chaos"],"picked":"Leap","floor":11}],"player_experience":1284389,"relics_obtained":[{"floor":6,"key":"Ancient Tea Set"},{"floor":8,"key":"Happy Flower"},{"floor":9,"key":"Lantern"},{"floor":10,"key":"Torii"}],"event_choices":[{"damage_healed":0,"gold_gain":0,"cards_transformed":["Zap"],"player_choice":"Transformed","damage_taken":0,"max_hp_gain":0,"max_hp_loss":0,"event_name":"Transmorgrifier","floor":2,"gold_loss":0,"cards_obtained":["All For One"]},{"damage_healed":0,"gold_gain":0,"player_choice":"Bought 1 Potion","damage_taken":0,"max_hp_gain":0,"max_hp_loss":0,"event_name":"The Woman in Blue","floor":4,"gold_loss":0}],"is_beta":false,"boss_relics":[],"items_purged_floors":[],"is_endless":false,"potions_floor_spawned":[3,5,6,8,10],"killed_by":"Gremlin Nob","ascension_level":20}