{"gold_per_floor":[117,131,151,168,28,53,53,65,65,65,65,97,109,122,122,218,218,229,409,68,142,142,167,167],"floor_reached":24,"playtime":1101,"items_purged":["Strike_B"],"score":276,"play_id":"8ba9b3a4-0d3f-44d0-87a3-d2ce9bd027a1","local_time":"20221210224026","is_ascension_mode":false,"campfire_choices":[{"data":"Buffer","floor":7.0,"key":"SMITH"},{"data":"Buffer","floor":15.0,"key":"SMITH"}],"neow_cost":"NONE","seed_source_timestamp":364643739466000,"circlet_count":0,"master_deck":["Strike_B","Strike_B","Defend_B","Defend_B","Defend_B","Zap+1","Dualcast","Melter","Coolheaded","Chill","Cold Snap","Buffer+1","Ball Lightning","Buffer+1","Cold Snap+1","Electrodynamics","Melter+1","Compile Driver+1","Violence","Steam Power","Doom and Gloom+1"],"special_seed":0,"relics":["Cracked Core","Art of War","Tiny Chest","Molten Egg 2","Potion Belt","Empty Cage","Question Card","Turnip"],"potions_floor_usage":[],"damage_taken":[{"damage":1.0,"enemies":"Cultist","floor":1.0,"turns":4.0},{"damage":1.0,"enemies":"Jaw Worm","floor":2.0,"turns":2.0},{"damage":0.0,"enemies":"Small Slimes","floor":3.0,"turns":3.0},{"damage":0.0,"enemies":"Exordium Thugs","floor":4.0,"turns":5.0},{"damage":0.0,"enemies":"3 Sentries","floor":6.0,"turns":7.0},{"damage":3.0,"enemies":"Looter","floor":8.0,"turns":3.0},{"damage":0.0,"enemies":"Lagavulin","floor":12.0,"turns":5.0},{"damage":0.0,"enemies":"Lots of Slimes","floor":13.0,"turns":4.0},{"damage":1.0,"enemies":"Exordium Wildlife","floor":14.0,"turns":4.0},{"damage":36.0,"enemies":"Hexaghost","floor":16.0,"turns":11.0},{"damage":0.0,"enemies":"Spheric Guardian","floor":18.0,"turns":4.0},{"damage":28,"enemies":"Gremlin Leader","floor":23,"turns":8},{"damage":28,"enemies":"3 Byrds","floor":24,"turns":2}],"seed_played":"7293154030907359605","potions_obtained":[{"floor":1.0,"key":"LiquidBronze"},{"floor":4.0,"key":"Fire Potion"},{"floor":8.0,"key":"Swift Potion"},{"floor":18.0,"key":"PotionOfCapacity"}],"is_trial":false,"path_per_floor":["M","M","M","M","$","E","R","M","T","$","?","E","M","M","R","B",null,"M","?","$","T","?","E","M"],"character_chosen":"DEFECT","items_purchased":["Buffer","Compile Driver+1","Violence","Steam Power"],"campfire_rested":0,"item_purchase_floors":[5,20,20,20],"current_hp_per_floor":[74,73,73,73,73,73,73,70,70,70,70,70,70,69,69,33,75,75,56,56,56,56,28,0],"gold":167,"neow_bonus":"RANDOM_COMMON_RELIC","is_prod":false,"is_daily":false,"chose_seed":false,"campfire_upgraded":2,"win_rate":0,"timestamp":1670730026,"path_taken":["M","M","M","M","$","E","R","?","T","$","?","E","M","M","R","BOSS","M","?","$","?","?","E","?"],"build_version":"2022-12-01","purchased_purges":1,"victory":false,"max_hp_per_floor":[75,75,75,75,75,75,75,75,75,75,75,75,75,75,75,75,75,75,75,75,75,75,75,75],"card_choices":[{"not_picked":["Reinforced Body","Beam Cell"],"picked":"Melter","floor":1.0},{"not_picked":["Beam Cell","Conserve Battery"],"picked":"Coolheaded","floor":2.0},{"not_picked":["Loop","Capacitor"],"picked":"Chill","floor":3.0},{"not_picked":["Redo","Genetic Algorithm"],"picked":"Cold Snap","floor":4.0},{"not_picked":["Rebound","Sweeping Beam"],"picked":"Ball Lightning","floor":6.0},{"not_picked":["Cold Snap","Gash","Reinforced Body"],"picked":"SKIP","floor":8.0},{"not_picked":["Hologram","Auto Shields"],"picked":"Buffer","floor":12.0},{"not_picked":["Barrage+1","Hello World"],"picked":"Cold Snap+1","floor":13.0},{"not_picked":["Turbo","Streamline+1","Redo"],"picked":"SKIP","floor":14.0},{"not_picked":["Reboot","All For One+1"],"picked":"Electrodynamics","floor":16.0},{"not_picked":["Leap","Undo"],"picked":"Melter+1","floor":18.0},{"not_picked":["Stack","Redo+1","Gash+1"],"picked":"Doom and Gloom+1","floor":23}],"player_experience":1327299,"relics_obtained":[{"floor":6.0,"key":"Tiny Chest"},{"floor":9.0,"key":"Molten Egg 2"},{"floor":12.0,"key":"Potion Belt"},{"floor":21.0,"key":"Question Card"},{"floor":23,"key":"Turnip"}],"event_choices":[{"damage_healed":0.0,"max_hp_gain":0.0,"max_hp_loss":0.0,"gold_gain":0.0,"event_name":"Living Wall","player_choice":"Grow","floor":11.0,"gold_loss":0.0,"damage_taken":0.0,"cards_upgraded":["Zap"]},{"damage_healed":0.0,"max_hp_gain":0.0,"max_hp_loss":0.0,"gold_gain":180.0,"event_name":"Knowing Skull","player_choice":"GOLD GOLD ","floor":19.0,"potions_obtained":[],"gold_loss":0.0,"damage_taken":19.0,"cards_obtained":[]},{"damage_healed":0.0,"max_hp_gain":0.0,"max_hp_loss":0.0,"gold_gain":0.0,"event_name":"betterNote:BetterNote","player_choice":"Ignored","floor":22.0,"gold_loss":0.0,"damage_taken":0.0,"cards_obtained":["Limit Break"]}],"is_beta":false,"boss_relics":[{"not_picked":["Cursed Key","Philosopher\u0027s Stone"],"picked":"Empty Cage"}],"items_purged_floors":[20],"is_endless":false,"potions_floor_spawned":[1,4,8,18],"killed_by":"3 Byrds","ascension_level":0}