{"gold_per_floor":[110,17,31,51,51,78,78,107,107,122,122,138,163,163,163,266,266,281,191,34,51,71,105,117,155,167,192,204,216,228,240,252,359,371,394,422,453,465,477,489,520,97,123,123,89,101,114,140,140,140],"floor_reached":50,"playtime":2210,"items_purged":["Writhe"],"score":555,"play_id":"859d7a8d-3c1d-44e5-84ab-7db373cef2c4","local_time":"20221207120535","is_ascension_mode":false,"campfire_choices":[{"data":"Thunder Strike","floor":7.0,"key":"SMITH"},{"data":"Zap","floor":15.0,"key":"SMITH"},{"floor":24.0,"key":"REST"},{"floor":28.0,"key":"REST"},{"floor":32.0,"key":"REST"},{"floor":40,"key":"RECALL"},{"floor":44,"key":"REST"},{"floor":49,"key":"REST"}],"neow_cost":"CURSE","seed_source_timestamp":66221712867500,"circlet_count":0,"master_deck":["Strike_B","Strike_B","Strike_B","Strike_B","Defend_B","Defend_B","Defend_B","Defend_B","Zap+1","Dualcast","Thunder Strike+1","Leap","Chill","Coolheaded","Leap","Go for the Eyes+1","Ball Lightning","Leap","Core Surge","Hologram","Go for the Eyes","Chill","Streamline+1","BootSequence+1","Self Repair","Core Surge","Clumsy","Self Repair","Parasite","Electrodynamics","Chill+1"],"special_seed":0,"relics":["Cracked Core","Pen Nib","Dead Branch","StrikeDummy","Mercury Hourglass","Fusion Hammer","Chemical X","MawBank","CaptainsWheel","Boot","FossilizedHelix","Cursed Key","Lantern","Blood Vial"],"potions_floor_usage":[36,41,47,48,50,50],"damage_taken":[{"damage":15.0,"enemies":"Jaw Worm","floor":1.0,"turns":5.0},{"damage":1.0,"enemies":"2 Louse","floor":3.0,"turns":3.0},{"damage":0.0,"enemies":"Cultist","floor":4.0,"turns":3.0},{"damage":7.0,"enemies":"Lagavulin","floor":6.0,"turns":9.0},{"damage":20.0,"enemies":"Gremlin Nob","floor":8.0,"turns":4.0},{"damage":3.0,"enemies":"Large Slime","floor":10.0,"turns":6.0},{"damage":1.0,"enemies":"Looter","floor":12.0,"turns":4.0},{"damage":8.0,"enemies":"3 Sentries","floor":13.0,"turns":6.0},{"damage":14.0,"enemies":"Hexaghost","floor":16.0,"turns":8.0},{"damage":0.0,"enemies":"Shell Parasite","floor":18.0,"turns":4.0},{"damage":11.0,"enemies":"2 Thieves","floor":21.0,"turns":3.0},{"damage":17.0,"enemies":"Centurion and Healer","floor":22.0,"turns":4.0},{"damage":9.0,"enemies":"Book of Stabbing","floor":23.0,"turns":6.0},{"damage":30.0,"enemies":"Slavers","floor":25.0,"turns":4.0},{"damage":8.0,"enemies":"Shelled Parasite and Fungi","floor":27.0,"turns":3.0},{"damage":54.0,"enemies":"Champ","floor":33.0,"turns":7.0},{"damage":0,"enemies":"Orb Walker","floor":35,"turns":4},{"damage":0,"enemies":"3 Darklings","floor":36,"turns":4},{"damage":0,"enemies":"Transient","floor":37,"turns":5},{"damage":0,"enemies":"Maw","floor":41,"turns":7},{"damage":0,"enemies":"Spire Growth","floor":46,"turns":4},{"damage":0,"enemies":"Writhing Mass","floor":47,"turns":6},{"damage":0,"enemies":"Nemesis","floor":48,"turns":5},{"damage":84,"enemies":"Time Eater","floor":50,"turns":9}],"seed_played":"-333598431941277442","potions_obtained":[{"floor":4.0,"key":"Weak Potion"},{"floor":6.0,"key":"SkillPotion"},{"floor":13.0,"key":"LiquidMemories"},{"floor":16.0,"key":"DistilledChaos"},{"floor":21.0,"key":"Fruit Juice"},{"floor":25.0,"key":"SpeedPotion"},{"floor":27.0,"key":"LiquidBronze"},{"floor":33.0,"key":"Weak Potion"},{"floor":35,"key":"DistilledChaos"},{"floor":46,"key":"LiquidBronze"},{"floor":47,"key":"Explosive Potion"},{"floor":48,"key":"ColorlessPotion"}],"is_trial":false,"path_per_floor":["M","$","M","M","$","E","R","E","T","M","?","M","E","?","R","B",null,"M","?","$","M","M","E","R","E","T","M","R","?","?","T","R","B",null,"M","M","M","?","?","R","M","$","T","R","$","M","M","E","R","B"],"character_chosen":"DEFECT","items_purchased":["Leap","Dexterity Potion","Chemical X","Self Repair","Lantern","Core Surge","Self Repair"],"campfire_rested":5,"item_purchase_floors":[2,2,20,42,42,42,45],"current_hp_per_floor":[60,60,59,59,59,52,52,32,32,29,29,28,20,38,38,24,75,75,72,72,66,49,40,63,33,33,25,48,48,34,34,58,4,82,82,82,82,82,82,82,82,82,82,82,82,82,82,82,82,0],"gold":140,"neow_bonus":"THREE_RARE_CARDS","is_prod":false,"is_daily":false,"chose_seed":false,"campfire_upgraded":2,"win_rate":0,"timestamp":1670432735,"path_taken":["M","$","M","M","$","E","R","E","T","M","?","M","E","?","R","BOSS","M","?","$","?","M","E","R","E","T","M","R","?","?","?","R","BOSS","M","M","M","?","?","R","M","$","T","R","$","?","M","E","R","BOSS"],"build_version":"2022-12-01","purchased_purges":1,"victory":false,"max_hp_per_floor":[75,75,75,75,75,75,75,75,75,75,75,75,75,75,75,75,75,75,72,72,77,77,77,77,77,77,77,77,77,82,82,82,82,82,82,82,82,82,82,82,82,82,82,82,82,82,82,82,82,82],"card_choices":[{"not_picked":["Meteor Strike","Creative AI"],"picked":"Thunder Strike","floor":0.0},{"not_picked":["Turbo","Loop","Genetic Algorithm"],"picked":"SKIP","floor":1.0},{"not_picked":["Coolheaded","Hologram"],"picked":"FTL","floor":3.0},{"not_picked":["Steam Power","Gash"],"picked":"Chill","floor":4.0},{"not_picked":["Rebound","Darkness"],"picked":"Coolheaded","floor":6.0},{"not_picked":["Barrage","Go for the Eyes"],"picked":"Leap","floor":8.0},{"not_picked":["Stack","Turbo"],"picked":"Go for the Eyes","floor":10.0},{"not_picked":["Lockon","Fusion"],"picked":"Ball Lightning","floor":12.0},{"not_picked":["Doom and Gloom","Genetic Algorithm"],"picked":"Leap","floor":13.0},{"not_picked":["Reboot","Buffer"],"picked":"Core Surge","floor":16.0},{"not_picked":["Melter","Static Discharge","Reprogram"],"picked":"SKIP","floor":18.0},{"not_picked":["Redo","Turbo"],"picked":"Hologram","floor":21.0},{"not_picked":["Cold Snap","Lockon","Blizzard"],"picked":"SKIP","floor":22.0},{"not_picked":["Rebound","Reinforced Body","Skim"],"picked":"SKIP","floor":23.0},{"not_picked":["Seek","Turbo"],"picked":"Go for the Eyes","floor":25.0},{"not_picked":["Compile Driver","Hologram","Redo+1"],"picked":"SKIP","floor":27.0},{"not_picked":["Darkness","Compile Driver+1"],"picked":"Chill","floor":35},{"not_picked":["Tempest+1","Rebound"],"picked":"Streamline+1","floor":36},{"not_picked":["FTL+1","Turbo+1"],"picked":"BootSequence+1","floor":37},{"not_picked":["Aggregate","Beam Cell+1","Loop+1"],"picked":"SKIP","floor":41},{"not_picked":["Chaos","Hologram+1","Static Discharge+1"],"picked":"SKIP","floor":46},{"not_picked":["Reprogram+1","Streamline+1"],"picked":"Electrodynamics","floor":47},{"not_picked":["Beam Cell+1","Aggregate"],"picked":"Chill+1","floor":48}],"player_experience":1256640,"relics_obtained":[{"floor":6.0,"key":"Pen Nib"},{"floor":8.0,"key":"Dead Branch"},{"floor":9.0,"key":"StrikeDummy"},{"floor":13.0,"key":"Mercury Hourglass"},{"floor":23.0,"key":"MawBank"},{"floor":25.0,"key":"CaptainsWheel"},{"floor":26.0,"key":"Boot"},{"floor":31.0,"key":"FossilizedHelix"},{"floor":48,"key":"Blood Vial"}],"event_choices":[{"damage_healed":0.0,"max_hp_gain":0.0,"max_hp_loss":0.0,"gold_gain":0.0,"event_name":"Shining Light","player_choice":"Ignored","floor":11.0,"gold_loss":0.0,"damage_taken":0.0},{"damage_healed":18.0,"max_hp_gain":0.0,"max_hp_loss":0.0,"gold_gain":0.0,"event_name":"Mushrooms","player_choice":"Healed and dodged fight","floor":14.0,"gold_loss":0.0,"damage_taken":0.0,"cards_obtained":["Parasite"]},{"cards_removed":["Parasite"],"damage_healed":0.0,"max_hp_gain":0.0,"max_hp_loss":0.0,"gold_gain":0.0,"event_name":"Designer","player_choice":"Upgrade and Remove","floor":19.0,"gold_loss":90.0,"damage_taken":0.0,"cards_upgraded":["Go for the Eyes"]},{"damage_healed":0.0,"max_hp_gain":0.0,"max_hp_loss":0.0,"gold_gain":0.0,"event_name":"Ghosts","player_choice":"Ignored","floor":29.0,"gold_loss":0.0,"damage_taken":0.0},{"damage_healed":0.0,"max_hp_gain":5.0,"max_hp_loss":0.0,"gold_gain":0.0,"event_name":"Forgotten Altar","player_choice":"Shed Blood","floor":30.0,"gold_loss":0.0,"damage_taken":19.0},{"damage_healed":0,"gold_gain":0,"player_choice":"Ignored","damage_taken":0,"max_hp_gain":0,"max_hp_loss":0,"event_name":"Tomb of Lord Red Mask","floor":38,"gold_loss":0},{"cards_removed":["FTL"],"damage_healed":0,"gold_gain":0,"player_choice":"Removed Attack","damage_taken":0,"max_hp_gain":0,"max_hp_loss":0,"event_name":"Falling","floor":39,"gold_loss":0}],"is_beta":false,"boss_relics":[{"not_picked":["Coffee Dripper","Ectoplasm"],"picked":"Fusion Hammer"},{"not_picked":["Velvet Choker","SacredBark"],"picked":"Cursed Key"}],"items_purged_floors":[42],"is_endless":false,"potions_floor_spawned":[4,6,13,16,21,25,27,33,35,46,47,48],"killed_by":"Time Eater","ascension_level":0}