{"gold_per_floor":[117,12,12,31,181,181,5,36,108,31,31,90,131,2,2,98,98,123,123,147,147],"floor_reached":21,"playtime":808,"items_purged":[],"score":366,"play_id":"252ca5af-6186-41fa-b65d-672672eb271e","local_time":"20221214191931","is_ascension_mode":true,"campfire_choices":[{"data":"Coolheaded","floor":6,"key":"SMITH"},{"floor":11,"key":"REST"},{"floor":15,"key":"REST"}],"neow_cost":"NONE","seed_source_timestamp":60500691815700,"circlet_count":0,"master_deck":["AscendersBane","Strike_B","Strike_B","Strike_B","Defend_B","Defend_B","Defend_B","Defend_B","Zap","Dualcast","Leap","Ball Lightning","Melter","Coolheaded+1","Doubt","Echo Form","Streamline","Turbo","Hologram","White Noise","Defragment","Stack","Leap","Seek","Aggregate","Conserve Battery"],"relics":["SacredBark","Golden Idol","Centennial Puzzle","Ornamental Fan","Dream Catcher","Nuclear Battery"],"potions_floor_usage":[8,21],"damage_taken":[{"damage":24,"enemies":"Jaw Worm","floor":1,"turns":5},{"damage":3,"enemies":"Small Slimes","floor":4,"turns":3},{"damage":25,"enemies":"3 Sentries","floor":8,"turns":6},{"damage":15,"enemies":"Lagavulin","floor":13,"turns":6},{"damage":17,"enemies":"Hexaghost","floor":16,"turns":9},{"damage":8,"enemies":"Chosen","floor":18,"turns":6},{"damage":40,"enemies":"Shell Parasite","floor":20,"turns":7},{"damage":12,"enemies":"Cultist and Chosen","floor":21,"turns":3}],"seed_played":"45868594036238876","potions_obtained":[{"floor":4,"key":"FocusPotion"},{"floor":20,"key":"CultistPotion"}],"is_trial":false,"path_per_floor":["M","$","?","M","?","R","$","E","T","$","R","?","E","$","R","B",null,"M","?","M","M"],"character_chosen":"DEFECT","items_purchased":["Ball Lightning","Melter","Echo Form","Turbo","Hologram","Defragment","Stack"],"campfire_rested":2,"item_purchase_floors":[2,2,7,10,10,14,14],"current_hp_per_floor":[40,40,40,37,37,37,37,12,12,12,31,31,16,16,35,18,53,45,45,5,0],"gold":147,"neow_bonus":"BOSS_RELIC","is_prod":false,"is_daily":false,"chose_seed":false,"campfire_upgraded":1,"win_rate":0,"timestamp":1671063571,"path_taken":["M","$","?","M","?","R","?","E","T","$","R","?","E","?","R","BOSS","M","?","?","M"],"build_version":"2022-12-01","purchased_purges":0,"victory":false,"max_hp_per_floor":[71,71,64,64,64,64,64,64,64,64,64,64,64,64,64,64,64,64,64,64,64],"card_choices":[{"not_picked":["Rebound","Recycle"],"picked":"Leap","floor":1},{"not_picked":["Gash","Reinforced Body"],"picked":"Coolheaded","floor":4},{"not_picked":["Hello World","Lockon"],"picked":"Streamline","floor":8},{"not_picked":["Double Energy","Turbo"],"picked":"White Noise","floor":13},{"not_picked":["Beam Cell","Echo Form"],"picked":"Leap","floor":15},{"not_picked":["Meteor Strike","Hyperbeam"],"picked":"Seek","floor":16},{"not_picked":["Sweeping Beam+1","Rebound"],"picked":"Aggregate","floor":18},{"not_picked":["Scrape","Gash","Stack"],"picked":"SKIP","floor":20}],"player_experience":1357593,"relics_obtained":[{"floor":8,"key":"Centennial Puzzle"},{"floor":9,"key":"Ornamental Fan"},{"floor":13,"key":"Dream Catcher"}],"event_choices":[{"damage_healed":0,"gold_gain":0,"player_choice":"Lose Max HP","damage_taken":0,"relics_obtained":["Golden Idol"],"max_hp_gain":0,"max_hp_loss":7,"event_name":"Golden Idol","floor":3,"gold_loss":0},{"damage_healed":0,"gold_gain":150,"player_choice":"AGREE","damage_taken":0,"max_hp_gain":0,"max_hp_loss":0,"event_name":"Liars Game","floor":5,"gold_loss":0,"cards_obtained":["Doubt"]},{"damage_healed":0,"gold_gain":59,"player_choice":"Gained Gold","damage_taken":0,"max_hp_gain":0,"max_hp_loss":0,"event_name":"Golden Wing","floor":12,"gold_loss":0},{"damage_healed":0,"gold_gain":0,"cards_transformed":["Strike_B"],"player_choice":"Transformed","damage_taken":0,"max_hp_gain":0,"max_hp_loss":0,"event_name":"Transmorgrifier","floor":19,"gold_loss":0,"cards_obtained":["Conserve Battery"]}],"is_beta":false,"boss_relics":[{"not_picked":["Astrolabe","Inserter"],"picked":"Nuclear Battery"}],"items_purged_floors":[],"is_endless":false,"potions_floor_spawned":[4,20],"killed_by":"Cultist and Chosen","ascension_level":20}