{"gold_per_floor":[110,122,122,47,47,47,77,77,77,77,111,111,142,153,153,251,251,268,268,368,380,393,393,406,432,456,486,504,12,12,29,29,128,128,138,153,170,181,200,230,247,247,273,308,108,108,135,17,17,17],"floor_reached":51,"playtime":2723,"items_purged":["Strike_B","Strike_B","Defend_B","Parasite"],"score":1050,"play_id":"ce8f9300-7edb-403e-a281-6d203149f1c1","local_time":"20221215192034","is_ascension_mode":true,"campfire_choices":[{"data":"Biased Cognition","floor":6.0,"key":"SMITH"},{"data":"Dualcast","floor":8,"key":"SMITH"},{"data":"Zap","floor":10,"key":"SMITH"},{"data":"White Noise","floor":15,"key":"SMITH"},{"data":"Sweeping Beam","floor":23,"key":"SMITH"},{"data":"Echo Form","floor":32,"key":"SMITH"},{"data":"Darkness","floor":42,"key":"SMITH"},{"data":"Biased Cognition","floor":46,"key":"SMITH"},{"data":"Echo Form","floor":49,"key":"SMITH"}],"neow_cost":"NONE","seed_source_timestamp":145018882939800,"circlet_count":0,"master_deck":["Zap+1","Dualcast+1","Biased Cognition+1","Chill+1","Sweeping Beam+1","Leap","All For One+1","White Noise+1","Go for the Eyes+1","Core Surge+1","Doom and Gloom+1","Conserve Battery+1","Ball Lightning+1","Compile Driver+1","Static Discharge","Redo","Steam Power+1","Echo Form+1","Multi-Cast","Reboot","Cold Snap+1","Echo Form+1","Fission+1","Buffer+1","Reboot+1","Redo+1","Steam+1","BootSequence","Darkness+1","Stack","Biased Cognition+1","Creative AI","Electrodynamics","Melter+1"],"special_seed":0,"relics":["Cracked Core","DataDisk","Lizard Tail","Molten Egg 2","Bottled Flame","Pear","Mummified Hand","Empty Cage","White Beast Statue","Bag of Marbles","Blood Vial","Medical Kit","Astrolabe","TungstenRod","Smiling Mask","Kunai","Ornamental Fan"],"potions_floor_usage":[14,16,21,33,33,36,36,38,38,40,50,50,50],"damage_taken":[{"damage":0.0,"enemies":"Cultist","floor":1.0,"turns":4.0},{"damage":0.0,"enemies":"Small Slimes","floor":2.0,"turns":3.0},{"damage":7,"enemies":"3 Sentries","floor":7,"turns":7},{"damage":23,"enemies":"Gremlin Nob","floor":11,"turns":5},{"damage":0,"enemies":"3 Sentries","floor":13,"turns":6},{"damage":0,"enemies":"Jaw Worm","floor":14,"turns":2},{"damage":23,"enemies":"Hexaghost","floor":16,"turns":7},{"damage":12,"enemies":"3 Byrds","floor":18,"turns":3},{"damage":0,"enemies":"Chosen","floor":21,"turns":3},{"damage":0,"enemies":"Shelled Parasite and Fungi","floor":22,"turns":4},{"damage":0,"enemies":"Snecko","floor":24,"turns":3},{"damage":0,"enemies":"Gremlin Leader","floor":25,"turns":5},{"damage":2,"enemies":"Book of Stabbing","floor":27,"turns":4},{"damage":0,"enemies":"Sentry and Sphere","floor":28,"turns":3},{"damage":0,"enemies":"3 Cultists","floor":31,"turns":3},{"damage":2,"enemies":"Collector","floor":33,"turns":6},{"damage":0,"enemies":"Orb Walker","floor":35,"turns":2},{"damage":10,"enemies":"3 Darklings","floor":36,"turns":3},{"damage":0,"enemies":"Jaw Worm Horde","floor":37,"turns":2},{"damage":0,"enemies":"Writhing Mass","floor":38,"turns":3},{"damage":0,"enemies":"3 Darklings","floor":39,"turns":6},{"damage":18,"enemies":"Nemesis","floor":40,"turns":5},{"damage":0,"enemies":"Maw","floor":41,"turns":4},{"damage":12,"enemies":"Reptomancer","floor":44,"turns":5},{"damage":0,"enemies":"Giant Head","floor":47,"turns":5},{"damage":8,"enemies":"Donu and Deca","floor":50,"turns":5}],"seed_played":"6767035956937004148","potions_obtained":[{"floor":1.0,"key":"SmokeBomb"},{"floor":11,"key":"Energy Potion"},{"floor":13,"key":"Swift Potion"},{"floor":16,"key":"FearPotion"},{"floor":18,"key":"DuplicationPotion"},{"floor":24,"key":"Explosive Potion"},{"floor":27,"key":"CultistPotion"},{"floor":28,"key":"PowerPotion"},{"floor":33,"key":"Weak Potion"},{"floor":35,"key":"AttackPotion"},{"floor":36,"key":"Ancient Potion"},{"floor":37,"key":"FocusPotion"},{"floor":38,"key":"BlessingOfTheForge"},{"floor":39,"key":"Strength Potion"},{"floor":40,"key":"Dexterity Potion"}],"is_trial":false,"path_per_floor":["M","M","T","$","?","R","E","R","T","R","E","?","E","M","R","B",null,"M","?","?","M","M","R","M","E","T","E","M","$","?","M","R","B",null,"M","M","M","M","M","E","M","R","T","E","$","R","E","$","R","B",null],"character_chosen":"DEFECT","items_purchased":["Echo Form","Multi-Cast","Medical Kit","Creative AI","Melter+1"],"campfire_rested":0,"item_purchase_floors":[29,29,29,45,48],"current_hp_per_floor":[75,75,75,75,80,80,73,73,73,73,50,60,60,60,60,37,77,65,65,65,65,65,65,65,65,65,63,65,65,65,67,67,67,84,86,78,80,82,84,68,70,70,70,60,60,60,62,62,62,56],"gold":17,"neow_bonus":"ONE_RANDOM_RARE_CARD","is_prod":false,"is_daily":false,"chose_seed":false,"campfire_upgraded":9,"win_rate":0,"timestamp":1671150034,"path_taken":["M","M","?","$","?","R","E","R","T","R","E","?","E","?","R","BOSS","M","?","?","M","M","R","M","E","T","E","M","$","?","?","R","BOSS","M","M","?","M","M","E","M","R","T","E","$","R","E","$","R","BOSS"],"build_version":"2022-12-01","purchased_purges":4,"victory":true,"max_hp_per_floor":[75,75,75,75,80,80,80,80,80,80,80,90,90,90,90,90,90,90,90,90,90,90,90,90,90,90,90,90,90,90,90,90,90,90,90,90,90,90,90,90,90,90,90,90,90,90,90,87,87,87],"card_choices":[{"not_picked":["Go for the Eyes","Barrage"],"picked":"Chill","floor":1.0},{"not_picked":["Steam","Go for the Eyes"],"picked":"Sweeping Beam","floor":2.0},{"not_picked":["Sunder","Barrage"],"picked":"Leap","floor":7},{"not_picked":["Cold Snap+1","Coolheaded"],"picked":"All For One+1","floor":11},{"not_picked":["BootSequence","Hello World"],"picked":"White Noise","floor":13},{"not_picked":["Barrage+1","Beam Cell+1"],"picked":"Go for the Eyes+1","floor":14},{"not_picked":["Fission","Reboot"],"picked":"Core Surge+1","floor":16},{"not_picked":["Go for the Eyes+1","Compile Driver+1"],"picked":"Doom and Gloom+1","floor":18},{"not_picked":["Cold Snap+1","Reprogram+1"],"picked":"Conserve Battery+1","floor":21},{"not_picked":["Streamline+1","Storm"],"picked":"Ball Lightning+1","floor":22},{"not_picked":["Leap","Go for the Eyes+1"],"picked":"Compile Driver+1","floor":24},{"not_picked":["Heatsinks+1","Coolheaded+1"],"picked":"Static Discharge","floor":25},{"not_picked":["Leap","Reinforced Body"],"picked":"Redo","floor":27},{"not_picked":["Barrage+1","Stack"],"picked":"Steam Power+1","floor":28},{"not_picked":["Blizzard+1","Barrage+1"],"picked":"Cold Snap+1","floor":31},{"not_picked":["Reboot","Biased Cognition"],"picked":"Echo Form","floor":33},{"not_picked":["Barrage+1","Static Discharge+1","Cold Snap+1"],"picked":"SKIP","floor":35},{"not_picked":["Sweeping Beam+1","Rebound+1"],"picked":"Redo+1","floor":36},{"not_picked":["Ball Lightning+1","Rebound+1"],"picked":"Steam+1","floor":37},{"not_picked":["Compile Driver+1","Doom and Gloom+1"],"picked":"BootSequence","floor":38},{"not_picked":["Steam","Leap+1","Sweeping Beam+1"],"picked":"SKIP","floor":39},{"not_picked":["Chaos","Compile Driver+1"],"picked":"Darkness","floor":40},{"not_picked":["Beam Cell+1","Steam Power"],"picked":"Stack","floor":41},{"not_picked":["Compile Driver+1","Fusion+1"],"picked":"Biased Cognition","floor":44},{"not_picked":["Tempest","Capacitor+1"],"picked":"Electrodynamics","floor":47}],"player_experience":1370970,"relics_obtained":[{"floor":3.0,"key":"DataDisk"},{"floor":7,"key":"Lizard Tail"},{"floor":9,"key":"Molten Egg 2"},{"floor":11,"key":"Bottled Flame"},{"floor":12,"key":"Pear"},{"floor":13,"key":"Mummified Hand"},{"floor":25,"key":"White Beast Statue"},{"floor":26,"key":"Bag of Marbles"},{"floor":27,"key":"Blood Vial"},{"floor":40,"key":"TungstenRod"},{"floor":43,"key":"Smiling Mask"},{"floor":44,"key":"Kunai"},{"floor":47,"key":"Ornamental Fan"}],"event_choices":[{"damage_healed":0.0,"max_hp_gain":5.0,"max_hp_loss":0.0,"gold_gain":0.0,"event_name":"Big Fish","player_choice":"Donut","floor":5.0,"gold_loss":0.0,"damage_taken":0.0},{"damage_healed":0,"gold_gain":0,"player_choice":"Relic","damage_taken":0,"max_hp_gain":0,"max_hp_loss":0,"event_name":"Wheel of Change","floor":12,"gold_loss":0},{"damage_healed":0,"gold_gain":0,"player_choice":"Upgraded","damage_taken":0,"max_hp_gain":0,"max_hp_loss":0,"event_name":"Upgrade Shrine","floor":19,"gold_loss":0,"cards_upgraded":["Chill"]},{"damage_healed":0,"gold_gain":100,"player_choice":"Pray","damage_taken":0,"max_hp_gain":0,"max_hp_loss":0,"event_name":"Golden Shrine","floor":20,"gold_loss":0},{"damage_healed":0,"gold_gain":0,"player_choice":"1 cards matched","damage_taken":0,"max_hp_gain":0,"max_hp_loss":0,"event_name":"Match and Keep!","floor":30,"gold_loss":0,"cards_obtained":["Reboot"]}],"is_beta":false,"boss_relics":[{"not_picked":["Snecko Eye","Coffee Dripper"],"picked":"Empty Cage"},{"not_picked":["Cursed Key","SacredBark"],"picked":"Astrolabe"}],"items_purged_floors":[4,29,45,48],"is_endless":false,"potions_floor_spawned":[1,11,13,16,18,24,27,28,31,33,35,36,37,38,39,40,41,44,47],"ascension_level":5}