{"gold_per_floor":[115,134,134,151,44,79,79,98,124,124,153,170,170,186,186,259,259,277,277,13,13,13,13],"floor_reached":23,"playtime":683,"items_purged":[],"score":398,"play_id":"bd3c2f7b-89a0-415d-829c-2737c30652f9","local_time":"20221214193703","is_ascension_mode":true,"campfire_choices":[{"data":"Defragment","floor":7,"key":"SMITH"},{"data":"Coolheaded","floor":10,"key":"SMITH"},{"floor":13,"key":"REST"},{"floor":15,"key":"REST"}],"neow_cost":"NONE","seed_source_timestamp":61679317821400,"circlet_count":0,"master_deck":["AscendersBane","Strike_B","Defend_B","Defend_B+1","Defend_B","Defend_B","Zap+1","Dualcast","Coolheaded+1","Cold Snap","Cold Snap","Melter","Hologram","Defragment+1","Cold Snap","Chill","Steam","Buffer","Seek+1","Rip and Tear+1","Heatsinks+1","Defragment"],"relics":["Cracked Core","NeowsBlessing","War Paint","Potion Belt","Lantern","Omamori","Astrolabe","Gremlin Horn"],"potions_floor_usage":[8,11,12,16],"damage_taken":[{"damage":0,"enemies":"Cultist","floor":1,"turns":1},{"damage":0,"enemies":"Small Slimes","floor":2,"turns":1},{"damage":0,"enemies":"Jaw Worm","floor":4,"turns":1},{"damage":26,"enemies":"3 Sentries","floor":6,"turns":10},{"damage":0,"enemies":"Large Slime","floor":8,"turns":5},{"damage":14,"enemies":"Gremlin Nob","floor":11,"turns":4},{"damage":8,"enemies":"Exordium Thugs","floor":12,"turns":2},{"damage":0,"enemies":"2 Fungi Beasts","floor":14,"turns":3},{"damage":42,"enemies":"Hexaghost","floor":16,"turns":16},{"damage":0,"enemies":"Spheric Guardian","floor":18,"turns":1},{"damage":51,"enemies":"Gremlin Leader","floor":23,"turns":4}],"seed_played":"-1226240706725979747","potions_obtained":[{"floor":2,"key":"Weak Potion"},{"floor":6,"key":"Block Potion"},{"floor":8,"key":"Fire Potion"},{"floor":12,"key":"Strength Potion"}],"is_trial":false,"path_per_floor":["M","M","?","M","$","E","R","M","T","R","E","M","R","M","R","B",null,"M","?","$","?","?","E"],"character_chosen":"DEFECT","items_purchased":["Melter","Hologram","Gremlin Horn"],"campfire_rested":2,"item_purchase_floors":[5,5,20],"current_hp_per_floor":[64,64,64,64,64,38,38,38,38,38,24,16,37,37,58,16,57,57,57,57,57,47,0],"gold":13,"neow_bonus":"THREE_ENEMY_KILL","is_prod":false,"is_daily":false,"chose_seed":false,"campfire_upgraded":2,"win_rate":0,"timestamp":1671064623,"path_taken":["M","M","?","M","$","E","R","M","T","R","E","?","R","?","R","BOSS","M","?","$","?","?","E"],"build_version":"2022-12-01","purchased_purges":0,"victory":false,"max_hp_per_floor":[71,71,71,71,71,71,71,71,71,71,71,71,71,71,71,71,71,71,71,71,71,71,71],"card_choices":[{"not_picked":["Leap","Compile Driver"],"picked":"Coolheaded","floor":1},{"not_picked":["Gash","Compile Driver"],"picked":"Cold Snap","floor":2},{"not_picked":["Chill","Rebound"],"picked":"Cold Snap","floor":4},{"not_picked":["Lockon","Rainbow"],"picked":"Defragment","floor":6},{"not_picked":["Aggregate","Reprogram","Beam Cell"],"picked":"SKIP","floor":8},{"not_picked":["Redo","Leap"],"picked":"Cold Snap","floor":11},{"not_picked":["Hologram","Gash"],"picked":"Chill","floor":12},{"not_picked":["Turbo","Coolheaded"],"picked":"Steam","floor":14},{"not_picked":["Meteor Strike","Thunder Strike"],"picked":"Buffer","floor":16},{"not_picked":["Turbo","Gash+1","Steam"],"picked":"SKIP","floor":18}],"player_experience":1357593,"relics_obtained":[{"floor":3,"key":"War Paint"},{"floor":6,"key":"Potion Belt"},{"floor":9,"key":"Lantern"},{"floor":11,"key":"Omamori"}],"event_choices":[{"damage_healed":0,"gold_gain":0,"player_choice":"Relic","damage_taken":0,"max_hp_gain":0,"max_hp_loss":0,"event_name":"Wheel of Change","floor":3,"gold_loss":0},{"damage_healed":0,"gold_gain":0,"player_choice":"Read","damage_taken":0,"max_hp_gain":0,"max_hp_loss":0,"event_name":"The Library","floor":19,"gold_loss":0,"cards_obtained":["Defragment"]},{"damage_healed":0,"gold_gain":0,"player_choice":"Ignored","damage_taken":0,"max_hp_gain":0,"max_hp_loss":0,"event_name":"The Mausoleum","floor":21,"gold_loss":0},{"damage_healed":0,"gold_gain":0,"player_choice":"Damaged","damage_taken":10,"max_hp_gain":0,"max_hp_loss":0,"event_name":"Wheel of Change","floor":22,"gold_loss":0}],"is_beta":false,"boss_relics":[{"not_picked":["Empty Cage","Nuclear Battery"],"picked":"Astrolabe"}],"items_purged_floors":[],"is_endless":false,"potions_floor_spawned":[2,6,8,12],"killed_by":"Gremlin Leader","ascension_level":20}