{"gold_per_floor":[167,167,183,183,11,11,35,35,117,160,20,44,57,11,11,106,106,130,13,13,34,34,68,68,106,106,126,141,177,202,30,30,120,120,136,163,186,206,37,73,73,142,142,142,173,193,106,120,120,120,120],"floor_reached":51,"playtime":2928,"items_purged":["Strike_B","Gash","Writhe","Zap","Biased Cognition"],"score":1580,"play_id":"f46c19d2-537c-403c-bc4b-66f2606e9a76","local_time":"20221214202711","is_ascension_mode":true,"campfire_choices":[{"data":"Static Discharge","floor":6.0,"key":"SMITH"},{"data":"Tempest","floor":8.0,"key":"SMITH"},{"floor":15.0,"key":"REST"},{"data":"Fission","floor":24.0,"key":"SMITH"},{"data":"Buffer","floor":32,"key":"SMITH"},{"data":"White Noise","floor":41,"key":"SMITH"},{"floor":44,"key":"REST"},{"floor":49,"key":"REST"}],"neow_cost":"NONE","seed_source_timestamp":62371689522400,"circlet_count":0,"master_deck":["AscendersBane","Dualcast","Tempest+1","Cold Snap","Static Discharge+1","Sweeping Beam","Doom and Gloom","Storm","Seek","BootSequence","Dark Shackles","Fission+1","White Noise","Streamline","BootSequence","Amplify","Reinforced Body","Self Repair","Self Repair+1","Buffer+1","Hologram","Seek","Force Field","Melter","Loop+1","Aggregate","Capacitor","Glacier+1","Violence","Stack","White Noise+1","Skim","Consume"],"special_seed":0,"relics":["Tiny House","Golden Idol","Membership Card","Mummified Hand","Lantern","Pandora\u0027s Box","Pantograph","Smiling Mask","Omamori","Symbiotic Virus","Matryoshka","Chemical X","Busted Crown","Bag of Preparation","Strawberry","Dream Catcher","Ginger","Kunai","Sundial","Cables"],"potions_floor_usage":[29,30,40,40,48],"damage_taken":[{"damage":0.0,"enemies":"Cultist","floor":1.0,"turns":3.0},{"damage":5.0,"enemies":"Small Slimes","floor":3.0,"turns":3.0},{"damage":12.0,"enemies":"Jaw Worm","floor":7.0,"turns":3.0},{"damage":42.0,"enemies":"Gremlin Nob","floor":10.0,"turns":4.0},{"damage":4.0,"enemies":"Red Slaver","floor":12.0,"turns":2.0},{"damage":0.0,"enemies":"2 Fungi Beasts","floor":13.0,"turns":3.0},{"damage":15.0,"enemies":"Hexaghost","floor":16.0,"turns":9.0},{"damage":2.0,"enemies":"3 Byrds","floor":18.0,"turns":3.0},{"damage":5.0,"enemies":"Shell Parasite","floor":21.0,"turns":4.0},{"damage":25.0,"enemies":"Book of Stabbing","floor":23.0,"turns":4.0},{"damage":0.0,"enemies":"Gremlin Leader","floor":25.0,"turns":8.0},{"damage":4.0,"enemies":"Snake Plant","floor":27.0,"turns":3.0},{"damage":16.0,"enemies":"Centurion and Healer","floor":28.0,"turns":5.0},{"damage":0,"enemies":"Book of Stabbing","floor":29,"turns":4},{"damage":0,"enemies":"Cultist and Chosen","floor":30,"turns":4},{"damage":61,"enemies":"Champ","floor":33,"turns":9},{"damage":0,"enemies":"Orb Walker","floor":35,"turns":3},{"damage":0,"enemies":"3 Shapes","floor":37,"turns":3},{"damage":0,"enemies":"Sphere and 2 Shapes","floor":38,"turns":3},{"damage":55,"enemies":"Reptomancer","floor":40,"turns":12},{"damage":43,"enemies":"2 Orb Walkers","floor":42,"turns":4},{"damage":37,"enemies":"Giant Head","floor":45,"turns":10},{"damage":0,"enemies":"Maw","floor":46,"turns":6},{"damage":0,"enemies":"Transient","floor":48,"turns":6},{"damage":68,"enemies":"Time Eater","floor":50,"turns":9},{"damage":77,"enemies":"Awakened One","floor":51,"turns":12}],"seed_played":"-8857865395870820604","potions_obtained":[{"floor":0.0,"key":"Ancient Potion"},{"floor":7.0,"key":"FairyPotion"},{"floor":12.0,"key":"Ancient Potion"},{"floor":13.0,"key":"Energy Potion"},{"floor":21.0,"key":"Ancient Potion"},{"floor":23.0,"key":"Explosive Potion"},{"floor":28.0,"key":"Swift Potion"},{"floor":33,"key":"SneckoOil"},{"floor":38,"key":"Block Potion"},{"floor":46,"key":"FearPotion"}],"is_trial":false,"path_per_floor":["M","?","M","?","$","R","M","R","T","E","$","M","M","$","R","B",null,"M","$","?","M","?","E","R","E","T","M","M","E","M","$","R","B",null,"M","T","M","M","$","E","R","?","T","R","E","M","$","M","R","B","B"],"character_chosen":"DEFECT","items_purchased":["Membership Card","Storm","Seek","Dark Shackles","Buffer","Hologram","Capacitor","Chemical X","Violence","Stack","Consume"],"campfire_rested":3,"item_purchase_floors":[5,11,11,14,19,19,31,31,39,39,47],"current_hp_per_floor":[69,43,38,31,31,31,19,19,19,22,22,18,18,18,40,25,63,61,61,61,66,66,58,58,76,76,76,76,76,76,76,76,32,65,72,79,83,83,83,45,45,19,19,43,23,40,40,57,81,25,0],"gold":120,"neow_bonus":"BOSS_RELIC","is_prod":false,"is_daily":false,"chose_seed":false,"campfire_upgraded":5,"win_rate":0,"timestamp":1671067631,"path_taken":["M","?","M","?","?","R","M","R","T","E","$","M","?","$","R","BOSS","M","$","?","M","?","E","R","E","T","?","M","E","M","$","R","BOSS","M","?","M","M","$","E","R","?","T","R","E","M","?","M","R","BOSS","BOSS"],"build_version":"2022-12-01","purchased_purges":5,"victory":false,"max_hp_per_floor":[76,76,76,76,76,76,76,76,76,76,76,76,76,76,76,76,76,76,76,76,76,76,76,76,76,76,76,76,76,76,76,76,76,76,76,83,83,83,83,83,83,83,83,83,83,83,83,83,83,83,83],"card_choices":[{"not_picked":["Barrage","Go for the Eyes"],"picked":"Tempest","floor":0.0},{"not_picked":["Leap","Fusion"],"picked":"Cold Snap","floor":1.0},{"not_picked":["Ball Lightning","Go for the Eyes"],"picked":"Static Discharge","floor":3.0},{"not_picked":["Redo","Rip and Tear"],"picked":"Sweeping Beam","floor":7.0},{"not_picked":["Static Discharge","Steam"],"picked":"Doom and Gloom","floor":10.0},{"not_picked":["Coolheaded","Fusion"],"picked":"Gash","floor":12.0},{"not_picked":["Sweeping Beam","Beam Cell"],"picked":"BootSequence","floor":13.0},{"not_picked":["Meteor Strike","All For One"],"picked":"Fission","floor":16.0},{"not_picked":["Turbo","Chill"],"picked":"Self Repair+1","floor":18.0},{"not_picked":["Conserve Battery","Storm","Coolheaded"],"picked":"SKIP","floor":21.0},{"not_picked":["Rainbow","Barrage"],"picked":"Force Field","floor":23.0},{"not_picked":["Static Discharge","Aggregate"],"picked":"Melter","floor":25.0},{"not_picked":["Coolheaded","Streamline","Hologram"],"picked":"SKIP","floor":27.0},{"not_picked":["Cold Snap","Leap"],"picked":"Loop+1","floor":28.0},{"not_picked":["Storm","Streamline","Reprogram"],"picked":"SKIP","floor":29},{"not_picked":["Reinforced Body+1","Lockon+1"],"picked":"Aggregate","floor":30},{"not_picked":["Thunder Strike","Echo Form"],"picked":"Biased Cognition","floor":33},{"not_picked":["Beam Cell+1"],"picked":"SKIP","floor":35},{"not_picked":["Ball Lightning"],"picked":"SKIP","floor":37},{"not_picked":[],"picked":"Glacier+1","floor":38},{"not_picked":[],"picked":"White Noise","floor":40},{"not_picked":[],"picked":"Skim","floor":45},{"not_picked":["Steam"],"picked":"SKIP","floor":46},{"not_picked":["Gash+1"],"picked":"SKIP","floor":48}],"player_experience":1359447,"relics_obtained":[{"floor":9.0,"key":"Mummified Hand"},{"floor":10.0,"key":"Lantern"},{"floor":23.0,"key":"Smiling Mask"},{"floor":25.0,"key":"Omamori"},{"floor":26.0,"key":"Symbiotic Virus"},{"floor":29,"key":"Matryoshka"},{"floor":36,"key":"Bag of Preparation"},{"floor":36,"key":"Strawberry"},{"floor":40,"key":"Dream Catcher"},{"floor":42,"key":"Ginger"},{"floor":43,"key":"Kunai"},{"floor":43,"key":"Sundial"},{"floor":45,"key":"Cables"}],"event_choices":[{"damage_healed":0.0,"max_hp_gain":0.0,"max_hp_loss":0.0,"gold_gain":0.0,"event_name":"Golden Idol","player_choice":"Take Damage","floor":2.0,"gold_loss":0.0,"damage_taken":26.0,"relics_obtained":["Golden Idol"]},{"cards_removed":["Strike_B"],"damage_healed":0.0,"max_hp_gain":0.0,"max_hp_loss":0.0,"gold_gain":0.0,"event_name":"Golden Wing","player_choice":"Card Removal","floor":4.0,"gold_loss":0.0,"damage_taken":7.0},{"damage_healed":0.0,"max_hp_gain":0.0,"max_hp_loss":0.0,"gold_gain":0.0,"event_name":"The Mausoleum","player_choice":"Opened","floor":20.0,"gold_loss":0.0,"damage_taken":0.0,"relics_obtained":["Pantograph"],"cards_obtained":["Writhe"]},{"damage_healed":0.0,"max_hp_gain":0.0,"max_hp_loss":0.0,"gold_gain":0.0,"event_name":"Duplicator","player_choice":"Copied","floor":22.0,"gold_loss":0.0,"damage_taken":0.0,"cards_obtained":["Seek"]},{"damage_healed":0,"gold_gain":0,"player_choice":"Fight","damage_taken":0,"max_hp_gain":0,"max_hp_loss":0,"event_name":"Mysterious Sphere","floor":42,"gold_loss":0}],"is_beta":false,"boss_relics":[{"not_picked":["Sozu","Cursed Key"],"picked":"Pandora\u0027s Box"},{"not_picked":["Velvet Choker","Coffee Dripper"],"picked":"Busted Crown"}],"items_purged_floors":[11,19,31,39,47],"is_endless":false,"potions_floor_spawned":[7,12,13,21,23,28,33,38,46],"killed_by":"Awakened One","ascension_level":20}