{"gold_per_floor":[112,122,132,148,148,180,210,210,288,307,323,355,367,379,391,500,512,534,646,450,450,410,410,427,469,469,152,202,243,258,277,277,277],"floor_reached":33,"playtime":1298,"items_purged":["Strike_B","Defend_B"],"score":443,"play_id":"b404103b-7b48-435e-9529-9d0fc54a3eb8","local_time":"20221222185250","is_ascension_mode":true,"campfire_choices":[{"data":"Blizzard","floor":8,"key":"SMITH"},{"data":"Zap","floor":13,"key":"SMITH"},{"floor":15,"key":"REST"},{"data":"Double Energy","floor":23,"key":"SMITH"},{"floor":32,"key":"REST"}],"neow_cost":"NONE","seed_source_timestamp":541214987741600,"circlet_count":0,"master_deck":["AscendersBane","Strike_B","Strike_B","Defend_B","Defend_B","Defend_B","Zap+1","Dualcast","Ball Lightning","Chill","Go for the Eyes","Melter","Blizzard+1","Conserve Battery","Sunder","Electrodynamics","Undo+1","Barrage","Double Energy+1","Melter","Thunder Strike","The Bomb","Coolheaded","Core Surge"],"relics":["Cracked Core","NeowsBlessing","Incense Burner","MealTicket","Singing Bowl","MawBank","Inserter","Nunchaku","CeramicFish","Omamori","DataDisk"],"potions_floor_usage":[4,6,10,24,24,25,33],"damage_taken":[{"damage":0,"enemies":"2 Louse","floor":1,"turns":1},{"damage":0,"enemies":"Small Slimes","floor":2,"turns":1},{"damage":0,"enemies":"Jaw Worm","floor":3,"turns":1},{"damage":0,"enemies":"Looter","floor":4,"turns":2},{"damage":6,"enemies":"3 Sentries","floor":6,"turns":6},{"damage":11,"enemies":"Exordium Thugs","floor":10,"turns":5},{"damage":0,"enemies":"Large Slime","floor":11,"turns":5},{"damage":21,"enemies":"Lagavulin","floor":12,"turns":6},{"damage":44,"enemies":"Hexaghost","floor":16,"turns":11},{"damage":0,"enemies":"3 Byrds","floor":18,"turns":2},{"damage":0,"enemies":"Chosen","floor":24,"turns":4},{"damage":17,"enemies":"Slavers","floor":25,"turns":4},{"damage":54,"enemies":"Gremlin Leader","floor":29,"turns":6},{"damage":7,"enemies":"Shelled Parasite and Fungi","floor":30,"turns":5},{"damage":3,"enemies":"Sentry and Sphere","floor":31,"turns":3},{"damage":49,"enemies":"Collector","floor":33,"turns":7}],"seed_played":"6906969151857670418","potions_obtained":[{"floor":2,"key":"Block Potion"},{"floor":3,"key":"BlessingOfTheForge"},{"floor":4,"key":"CultistPotion"},{"floor":18,"key":"SpeedPotion"},{"floor":22,"key":"Energy Potion"},{"floor":22,"key":"SteroidPotion"},{"floor":22,"key":"LiquidMemories"},{"floor":29,"key":"Weak Potion"}],"is_trial":false,"path_per_floor":["M","M","M","M","?","E","?","R","T","M","M","E","R","?","R","B",null,"M","?","$","?","?","R","M","E","T","$","?","E","M","M","R","B"],"character_chosen":"DEFECT","items_purchased":["Barrage","Double Energy","The Bomb","Coolheaded"],"campfire_rested":2,"item_purchase_floors":[20,20,27,27],"current_hp_per_floor":[68,68,68,68,73,67,67,67,67,56,56,37,37,30,54,10,64,64,64,79,79,79,79,79,62,62,77,77,23,18,17,42,0],"gold":277,"neow_bonus":"THREE_ENEMY_KILL","is_prod":false,"is_daily":false,"chose_seed":false,"campfire_upgraded":3,"win_rate":0,"timestamp":1671753170,"path_taken":["M","M","M","M","?","E","?","R","T","M","M","E","R","?","R","BOSS","M","?","$","?","?","R","?","E","T","$","?","E","M","M","R","BOSS"],"build_version":"2022-12-18","purchased_purges":2,"victory":false,"max_hp_per_floor":[75,75,75,75,80,80,80,80,80,80,80,82,82,82,82,82,82,82,82,82,82,82,82,82,82,82,82,82,82,84,86,86,86],"card_choices":[{"not_picked":["Compile Driver","Scrape"],"picked":"Ball Lightning","floor":1},{"not_picked":["Redo","Cold Snap"],"picked":"Chill","floor":2},{"not_picked":["Aggregate","Gash"],"picked":"Go for the Eyes","floor":3},{"not_picked":["Steam Power","Double Energy"],"picked":"Melter","floor":4},{"not_picked":["Double Energy","Steam"],"picked":"Blizzard","floor":6},{"not_picked":["Go for the Eyes","Fusion"],"picked":"Conserve Battery","floor":10},{"not_picked":["Scrape","Recycle"],"picked":"Sunder","floor":11},{"not_picked":["Go for the Eyes","Sweeping Beam","Heatsinks"],"picked":"Singing Bowl","floor":12},{"not_picked":["All For One","Reboot"],"picked":"Electrodynamics","floor":16},{"not_picked":["Coolheaded","Cold Snap"],"picked":"Undo+1","floor":18},{"not_picked":["Force Field","Barrage"],"picked":"Melter","floor":24},{"not_picked":["Heatsinks","Redo+1"],"picked":"Thunder Strike","floor":25},{"not_picked":["Ball Lightning","White Noise"],"picked":"Core Surge","floor":29},{"not_picked":["Steam","Reprogram","Sweeping Beam"],"picked":"Singing Bowl","floor":30},{"not_picked":["Machine Learning","Redo","FTL"],"picked":"Singing Bowl","floor":31}],"player_experience":877151,"relics_obtained":[{"floor":6,"key":"Incense Burner"},{"floor":9,"key":"Singing Bowl"},{"floor":12,"key":"MawBank"},{"floor":25,"key":"CeramicFish"},{"floor":26,"key":"Omamori"},{"floor":29,"key":"DataDisk"}],"event_choices":[{"damage_healed":0,"gold_gain":0,"player_choice":"Donut","damage_taken":0,"max_hp_gain":5,"max_hp_loss":0,"event_name":"Big Fish","floor":5,"gold_loss":0},{"damage_healed":0,"gold_gain":30,"player_choice":"Searched \u00272\u0027 times","damage_taken":0,"relics_obtained":["MealTicket"],"max_hp_gain":0,"max_hp_loss":0,"event_name":"Dead Adventurer","floor":7,"gold_loss":0},{"cards_removed":["Strike_B"],"damage_healed":0,"gold_gain":0,"player_choice":"Card Removal","damage_taken":7,"max_hp_gain":0,"max_hp_loss":0,"event_name":"Golden Wing","floor":14,"gold_loss":0},{"damage_healed":0,"gold_gain":100,"player_choice":"Pray","damage_taken":0,"max_hp_gain":0,"max_hp_loss":0,"event_name":"Golden Shrine","floor":19,"gold_loss":0},{"damage_healed":0,"gold_gain":0,"player_choice":"Gave Potion","damage_taken":0,"relics_obtained":["Nunchaku"],"max_hp_gain":0,"max_hp_loss":0,"event_name":"WeMeetAgain","floor":21,"gold_loss":0},{"damage_healed":0,"gold_gain":0,"player_choice":"Bought 3 Potions","damage_taken":0,"max_hp_gain":0,"max_hp_loss":0,"event_name":"The Woman in Blue","floor":22,"gold_loss":0},{"damage_healed":0,"gold_gain":100,"player_choice":"Bet on Murderer","damage_taken":0,"max_hp_gain":0,"max_hp_loss":0,"event_name":"The Joust","floor":28,"gold_loss":50}],"is_beta":false,"boss_relics":[{"not_picked":["Fusion Hammer","Ectoplasm"],"picked":"Inserter"}],"items_purged_floors":[20,27],"is_endless":false,"potions_floor_spawned":[2,3,4,18,29],"killed_by":"Collector","ascension_level":10}