{"gold_per_floor":[111,111,22,22,22,47,47,81,93,120,157,183,195,220,232,319,331,361,55,72,72],"floor_reached":21,"playtime":1023,"items_purged":["Decay"],"score":444,"play_id":"60253552-668b-4f98-9b62-2876e75b6a0f","local_time":"20221230173828","is_ascension_mode":true,"campfire_choices":[{"data":"Consume","floor":7.0,"key":"SMITH"},{"floor":13.0,"key":"REST"},{"data":"Dualcast","floor":15.0,"key":"SMITH"}],"neow_cost":"NONE","seed_source_timestamp":1228259838097600,"circlet_count":0,"master_deck":["AscendersBane","Strike_B","Strike_B","Strike_B","Strike_B+1","Defend_B","Defend_B","Defend_B","Defend_B","Zap+1","Dualcast+1","Consume+1","Capacitor","Go for the Eyes","Chill","Melter","Scrape","Coolheaded","Steam","Fission","Cold Snap+1","Darkness","Redo"],"special_seed":0,"relics":["Cracked Core","NeowsBlessing","Centennial Puzzle","MawBank","Bottled Lightning","Eternal Feather","Nuclear Battery","Medical Kit"],"potions_floor_usage":[],"damage_taken":[{"damage":0.0,"enemies":"Small Slimes","floor":1.0,"turns":1.0},{"damage":2.0,"enemies":"Lagavulin","floor":6.0,"turns":3.0},{"damage":0.0,"enemies":"Gremlin Nob","floor":8.0,"turns":1.0},{"damage":9.0,"enemies":"Jaw Worm","floor":10.0,"turns":3.0},{"damage":18.0,"enemies":"Lagavulin","floor":11.0,"turns":8.0},{"damage":9.0,"enemies":"2 Louse","floor":12.0,"turns":2.0},{"damage":0.0,"enemies":"Lots of Slimes","floor":14.0,"turns":5.0},{"damage":44.0,"enemies":"Hexaghost","floor":16.0,"turns":12.0},{"damage":4,"enemies":"Shell Parasite","floor":18,"turns":6},{"damage":33,"enemies":"Chosen","floor":20,"turns":6},{"damage":21,"enemies":"Centurion and Healer","floor":21,"turns":2}],"seed_played":"5877584962469024485","potions_obtained":[{"floor":1.0,"key":"Ancient Potion"},{"floor":11.0,"key":"ColorlessPotion"},{"floor":14.0,"key":"Ancient Potion"}],"is_trial":false,"path_per_floor":["M","?","$","?","?","E","R","E","T","M","E","M","R","M","R","B",null,"M","$","M","M"],"character_chosen":"DEFECT","items_purchased":["Capacitor","Darkness","Medical Kit"],"campfire_rested":1,"item_purchase_floors":[3,19,19],"current_hp_per_floor":[64,43,43,43,43,41,41,41,41,32,14,5,35,35,47,3,54,50,50,17,0],"gold":72,"neow_bonus":"THREE_ENEMY_KILL","is_prod":false,"is_daily":false,"chose_seed":false,"campfire_upgraded":2,"win_rate":0,"timestamp":1672439908,"path_taken":["M","?","$","?","?","E","R","E","T","M","E","M","R","M","R","BOSS","M","?","M","M"],"build_version":"2022-12-18","purchased_purges":1,"victory":false,"max_hp_per_floor":[71,71,71,71,71,71,71,71,71,71,71,71,71,71,71,71,71,71,71,71,71],"card_choices":[{"not_picked":["Go for the Eyes","Self Repair"],"picked":"Consume","floor":1.0},{"not_picked":["All For One","Stack"],"picked":"Go for the Eyes","floor":6.0},{"not_picked":["Gash","Rip and Tear"],"picked":"Chill","floor":8.0},{"not_picked":["Heatsinks","Capacitor"],"picked":"Melter","floor":10.0},{"not_picked":["Go for the Eyes","Barrage"],"picked":"Scrape","floor":11.0},{"not_picked":["Conserve Battery","Turbo"],"picked":"Coolheaded","floor":12.0},{"not_picked":["Hologram","Turbo"],"picked":"Steam","floor":14.0},{"not_picked":["Creative AI","Buffer"],"picked":"Fission","floor":16.0},{"not_picked":["Gash+1","Heatsinks"],"picked":"Cold Snap+1","floor":18},{"not_picked":["Rebound","Auto Shields"],"picked":"Redo","floor":20}],"player_experience":923444,"relics_obtained":[{"floor":6.0,"key":"Centennial Puzzle"},{"floor":8.0,"key":"MawBank"},{"floor":9.0,"key":"Bottled Lightning"},{"floor":11.0,"key":"Eternal Feather"}],"event_choices":[{"damage_healed":0.0,"max_hp_gain":0.0,"max_hp_loss":0.0,"gold_gain":0.0,"event_name":"Shining Light","player_choice":"Entered Light","floor":2.0,"gold_loss":0.0,"damage_taken":21.0,"cards_upgraded":["Strike_B","Zap"]},{"damage_healed":0.0,"max_hp_gain":0.0,"max_hp_loss":0.0,"gold_gain":0.0,"event_name":"Liars Game","player_choice":"Ignored","floor":4.0,"gold_loss":0.0,"damage_taken":0.0},{"damage_healed":0.0,"max_hp_gain":0.0,"max_hp_loss":0.0,"gold_gain":0.0,"event_name":"Wheel of Change","player_choice":"Cursed","floor":5.0,"gold_loss":0.0,"damage_taken":0.0,"cards_obtained":["Decay"]}],"is_beta":false,"boss_relics":[{"not_picked":["Ectoplasm","Black Star"],"picked":"Nuclear Battery"}],"items_purged_floors":[19],"is_endless":false,"potions_floor_spawned":[1,11,14],"killed_by":"Centurion and Healer","ascension_level":20}