{"gold_per_floor":[111,111,124,144,157,486,486,515,539,539],"floor_reached":10,"playtime":460,"items_purged":[],"score":156,"play_id":"838cd993-706d-4747-ac05-e4e27c85ca1f","local_time":"20230103211258","is_ascension_mode":true,"campfire_choices":[{"floor":7,"key":"REST"}],"neow_cost":"","seed_source_timestamp":193191299621800,"circlet_count":0,"master_deck":["AscendersBane","Strike_B","Strike_B","Strike_B","Defend_B","Defend_B","Defend_B","Defend_B","Zap","Dualcast","Static Discharge","Sweeping Beam","Chill","Gash","Capacitor","Ball Lightning","Seek","Defragment","Echo Form"],"relics":["Cracked Core","moreChoices:MoreCardChoices","Old Coin","Blood Vial","Lantern"],"potions_floor_usage":[8],"damage_taken":[{"damage":9,"enemies":"Jaw Worm","floor":1,"turns":4},{"damage":4,"enemies":"Cultist","floor":3,"turns":4},{"damage":7,"enemies":"2 Louse","floor":4,"turns":4},{"damage":11,"enemies":"Red Slaver","floor":5,"turns":3},{"damage":31,"enemies":"3 Sentries","floor":6,"turns":6},{"damage":14,"enemies":"Lagavulin","floor":8,"turns":7},{"damage":18,"enemies":"2 Fungi Beasts","floor":10,"turns":2}],"seed_played":"-7314090261576438960","potions_obtained":[{"floor":1,"key":"FearPotion"},{"floor":3,"key":"Weak Potion"}],"is_trial":false,"path_per_floor":["M","?","M","M","M","E","R","E","T","M"],"character_chosen":"DEFECT","items_purchased":["Static Discharge","Sweeping Beam"],"campfire_rested":1,"item_purchase_floors":[0,0],"current_hp_per_floor":[55,55,51,44,33,2,23,9,9,0],"gold":539,"neow_bonus":"","is_prod":false,"is_daily":false,"chose_seed":false,"campfire_upgraded":0,"win_rate":0,"timestamp":1672798378,"path_taken":["M","?","M","M","M","E","R","E","T","?"],"build_version":"2022-12-18","purchased_purges":0,"victory":false,"max_hp_per_floor":[71,71,71,71,71,71,71,71,71,71],"card_choices":[{"not_picked":["Recycle","Steam Power","Rip and Tear","Darkness"],"picked":"Chill","floor":1},{"not_picked":["Ball Lightning","Rebound","Doom and Gloom","Leap"],"picked":"Capacitor","floor":3},{"not_picked":["Leap","Steam","Static Discharge","Recycle"],"picked":"Ball Lightning","floor":4},{"not_picked":["Reprogram","Auto Shields","Sweeping Beam","Storm"],"picked":"Seek","floor":5},{"not_picked":["Beam Cell","Rebound","Self Repair","Melter"],"picked":"Defragment","floor":6},{"not_picked":["Undo","Core Surge","Sweeping Beam","Scrape"],"picked":"Echo Form","floor":8}],"player_experience":971512,"relics_obtained":[{"floor":6,"key":"Old Coin"},{"floor":8,"key":"Blood Vial"},{"floor":9,"key":"Lantern"}],"event_choices":[{"damage_healed":0,"gold_gain":0,"cards_transformed":["Strike_B"],"player_choice":"Transformed","damage_taken":0,"max_hp_gain":0,"max_hp_loss":0,"event_name":"Transmorgrifier","floor":2,"gold_loss":0,"cards_obtained":["Gash"]}],"is_beta":false,"boss_relics":[],"items_purged_floors":[],"is_endless":false,"potions_floor_spawned":[1,3,5],"killed_by":"2 Fungi Beasts","ascension_level":20}