{"gold_per_floor":[111,30,50,67,79,105,8,8,58,58,75,75,106,131,143,255,267,295,15,26,38,49,49,84,99,99,99,127,127,2,19,19,114,114,129,146,146,146,64,64,75,101,172,197,208,208,224,239,239,239],"floor_reached":50,"playtime":3089,"items_purged":["Strike_B","Strike_B","Defend_B"],"score":782,"play_id":"5e0b6b7a-2566-4540-bfa1-59262f7cd5aa","local_time":"20230122105355","is_ascension_mode":true,"campfire_choices":[{"data":"Zap","floor":8,"key":"SMITH"},{"data":"Coolheaded","floor":12,"key":"SMITH"},{"floor":15,"key":"REST"},{"data":"Seek","floor":23,"key":"SMITH"},{"data":"Static Discharge","floor":29,"key":"SMITH"},{"floor":32,"key":"REST"},{"data":"Defragment","floor":40,"key":"SMITH"},{"data":"Conserve Battery","floor":46,"key":"SMITH"},{"floor":49,"key":"REST"}],"neow_cost":"NONE","seed_source_timestamp":327929751329200,"circlet_count":0,"master_deck":["Zap+1","Dualcast","Rebound","Conserve Battery+1","Sweeping Beam","Steam Power","Static Discharge+1","Streamline","Gash","All For One","Turbo","Beam Cell","Coolheaded+1","Go for the Eyes","Gash","Seek+1","Steam","Steam+1","Auto Shields+1","Hologram","Biased Cognition","Electrodynamics","Double Energy","Darkness","Beam Cell","Rainbow","Leap","Defragment+1","Reinforced Body+1","Gash","Fission+1","Gash"],"relics":["Cracked Core","Matryoshka","Eternal Feather","Bag of Preparation","MawBank","Inserter","ClockworkSouvenir","Omamori","Mummified Hand","Potion Belt","White Beast Statue","Pandora\u0027s Box","Gremlin Horn","Toxic Egg 2","Bag of Marbles"],"potions_floor_usage":[5,6,6,16,24,28,28,28,33,41,41,47,47,48,50,50,50],"damage_taken":[{"damage":0,"enemies":"Small Slimes","floor":1,"turns":2},{"damage":1,"enemies":"Cultist","floor":3,"turns":3},{"damage":7,"enemies":"Jaw Worm","floor":4,"turns":4},{"damage":0,"enemies":"Exordium Wildlife","floor":5,"turns":2},{"damage":16,"enemies":"Gremlin Nob","floor":6,"turns":4},{"damage":3,"enemies":"Blue Slaver","floor":11,"turns":2},{"damage":31,"enemies":"Lagavulin","floor":13,"turns":5},{"damage":6,"enemies":"Large Slime","floor":14,"turns":2},{"damage":0,"enemies":"Slime Boss","floor":16,"turns":3},{"damage":0,"enemies":"Chosen","floor":18,"turns":3},{"damage":11,"enemies":"Shell Parasite","floor":20,"turns":6},{"damage":22,"enemies":"Centurion and Healer","floor":21,"turns":4},{"damage":15,"enemies":"Snake Plant","floor":22,"turns":4},{"damage":30,"enemies":"Gremlin Leader","floor":24,"turns":7},{"damage":4,"enemies":"3 Cultists","floor":25,"turns":4},{"damage":11,"enemies":"Slavers","floor":28,"turns":4},{"damage":0,"enemies":"Cultist and Chosen","floor":31,"turns":5},{"damage":45,"enemies":"Automaton","floor":33,"turns":9},{"damage":16,"enemies":"Orb Walker","floor":35,"turns":2},{"damage":0,"enemies":"3 Shapes","floor":36,"turns":1},{"damage":34,"enemies":"Maw","floor":41,"turns":6},{"damage":11,"enemies":"Nemesis","floor":42,"turns":7},{"damage":0,"enemies":"Reptomancer","floor":44,"turns":4},{"damage":9,"enemies":"Jaw Worm Horde","floor":45,"turns":3},{"damage":3,"enemies":"3 Darklings","floor":47,"turns":4},{"damage":1,"enemies":"Sphere and 2 Shapes","floor":48,"turns":3},{"damage":100,"enemies":"Time Eater","floor":50,"turns":7}],"seed_played":"-8062442374525586888","potions_obtained":[{"floor":3,"key":"DistilledChaos"},{"floor":4,"key":"Fire Potion"},{"floor":5,"key":"Block Potion"},{"floor":13,"key":"FocusPotion"},{"floor":14,"key":"SteroidPotion"},{"floor":16,"key":"Dexterity Potion"},{"floor":20,"key":"Ancient Potion"},{"floor":21,"key":"SpeedPotion"},{"floor":25,"key":"PowerPotion"},{"floor":31,"key":"DuplicationPotion"},{"floor":33,"key":"SmokeBomb"},{"floor":35,"key":"GamblersBrew"},{"floor":36,"key":"PowerPotion"},{"floor":41,"key":"ColorlessPotion"},{"floor":42,"key":"Explosive Potion"},{"floor":44,"key":"ColorlessPotion"},{"floor":45,"key":"AttackPotion"},{"floor":47,"key":"Ancient Potion"},{"floor":48,"key":"Ancient Potion"}],"is_trial":false,"path_per_floor":["M","$","M","M","M","E","$","R","T","?","M","R","E","M","R","B",null,"M","$","M","M","M","R","E","M","T","?","E","R","$","M","R","B",null,"M","M","?","?","$","R","M","E","T","E","M","R","M","M","R","B"],"character_chosen":"DEFECT","items_purchased":["Sweeping Beam","Steam Power","Turbo","ClockworkSouvenir","Steam","Defragment"],"campfire_rested":3,"item_purchase_floors":[2,2,7,19,19,39],"current_hp_per_floor":[75,75,74,67,67,51,51,51,51,51,48,57,26,20,54,54,75,75,75,64,42,27,39,9,12,12,12,8,23,23,30,67,29,75,59,59,59,59,59,74,40,29,29,29,20,38,35,34,74,0],"gold":239,"neow_bonus":"THREE_CARDS","is_prod":false,"is_daily":false,"chose_seed":false,"campfire_upgraded":6,"win_rate":0,"timestamp":1674402835,"path_taken":["M","$","M","M","M","E","$","R","T","?","M","R","E","M","R","BOSS","M","$","M","?","M","R","E","M","T","?","E","R","$","M","R","BOSS","M","M","?","?","$","R","M","E","T","E","M","R","M","M","R","BOSS"],"build_version":"2022-12-18","purchased_purges":3,"victory":false,"max_hp_per_floor":[75,75,75,75,75,75,75,75,75,75,75,75,75,75,75,75,75,75,75,75,75,75,75,75,75,75,75,75,75,75,75,75,75,75,75,75,75,75,75,75,75,75,75,75,75,75,75,75,75,75],"card_choices":[{"not_picked":["Stack","Barrage"],"picked":"Rebound","floor":0},{"not_picked":["Chaos","Hologram"],"picked":"Conserve Battery","floor":1},{"not_picked":["Skim","Coolheaded"],"picked":"Static Discharge","floor":3},{"not_picked":["Cold Snap","Conserve Battery"],"picked":"Streamline","floor":4},{"not_picked":["Go for the Eyes","Coolheaded"],"picked":"Gash","floor":5},{"not_picked":["Sunder","Doom and Gloom"],"picked":"All For One","floor":6},{"not_picked":["Fusion","Ball Lightning"],"picked":"Coolheaded","floor":11},{"not_picked":["Glacier","Heatsinks"],"picked":"Go for the Eyes","floor":13},{"not_picked":["Static Discharge","Steam"],"picked":"Gash","floor":14},{"not_picked":["Echo Form","Rainbow"],"picked":"Seek","floor":16},{"not_picked":["Compile Driver","Redo","Genetic Algorithm"],"picked":"SKIP","floor":18},{"not_picked":["Recycle","Aggregate","Darkness+1"],"picked":"SKIP","floor":20},{"not_picked":["Blizzard","Ball Lightning","Redo"],"picked":"SKIP","floor":21},{"not_picked":["Blizzard","Ball Lightning","Redo"],"picked":"SKIP","floor":21},{"not_picked":["Capacitor","Hello World"],"picked":"Steam+1","floor":22},{"not_picked":["Melter","Ball Lightning"],"picked":"Self Repair","floor":24},{"not_picked":["Beam Cell+1","Darkness"],"picked":"Auto Shields+1","floor":25},{"not_picked":["Conserve Battery","Turbo"],"picked":"Hologram","floor":28},{"not_picked":["Beam Cell","Rebound"],"picked":"Biased Cognition","floor":31},{"not_picked":["Echo Form","Amplify"],"picked":"Electrodynamics","floor":33},{"not_picked":["Beam Cell+1","Static Discharge","Cold Snap"],"picked":"SKIP","floor":35},{"not_picked":["Static Discharge","Hello World+1"],"picked":"Leap","floor":36},{"not_picked":["Cold Snap","Stack+1"],"picked":"Reinforced Body+1","floor":41},{"not_picked":["Self Repair","Genetic Algorithm"],"picked":"Gash","floor":42},{"not_picked":["Conserve Battery+1","Chaos+1","Rip and Tear+1"],"picked":"SKIP","floor":44},{"not_picked":["Static Discharge","Ball Lightning","Chill+1"],"picked":"SKIP","floor":45},{"not_picked":["Recycle+1","Conserve Battery+1"],"picked":"Fission+1","floor":47},{"not_picked":["Conserve Battery+1","Rebound"],"picked":"Gash","floor":48}],"player_experience":1138317,"relics_obtained":[{"floor":6,"key":"Matryoshka"},{"floor":9,"key":"Eternal Feather"},{"floor":9,"key":"Bag of Preparation"},{"floor":13,"key":"MawBank"},{"floor":24,"key":"Omamori"},{"floor":26,"key":"Mummified Hand"},{"floor":26,"key":"Potion Belt"},{"floor":28,"key":"White Beast Statue"},{"floor":42,"key":"Gremlin Horn"},{"floor":43,"key":"Toxic Egg 2"},{"floor":44,"key":"Bag of Marbles"}],"event_choices":[{"damage_healed":0,"gold_gain":0,"cards_transformed":["Strike_B"],"player_choice":"Transformed","damage_taken":0,"max_hp_gain":0,"max_hp_loss":0,"event_name":"Transmorgrifier","floor":10,"gold_loss":0,"cards_obtained":["Beam Cell"]},{"cards_removed":["Seek"],"damage_healed":0,"gold_gain":0,"player_choice":"Give","damage_taken":0,"max_hp_gain":0,"max_hp_loss":0,"event_name":"betterNote:BetterNote","floor":27,"gold_loss":0,"cards_obtained":["None"]},{"cards_removed":["Self Repair"],"damage_healed":0,"gold_gain":0,"player_choice":"Removed Power","damage_taken":0,"max_hp_gain":0,"max_hp_loss":0,"event_name":"Falling","floor":37,"gold_loss":0},{"damage_healed":0,"gold_gain":0,"player_choice":"Ignored","damage_taken":0,"max_hp_gain":0,"max_hp_loss":0,"event_name":"Tomb of Lord Red Mask","floor":38,"gold_loss":0}],"is_beta":false,"boss_relics":[{"not_picked":["Coffee Dripper","Velvet Choker"],"picked":"Inserter"},{"not_picked":["Nuclear Battery","Sozu"],"picked":"Pandora\u0027s Box"}],"items_purged_floors":[7,19,30],"is_endless":false,"potions_floor_spawned":[3,4,5,13,14,16,20,21,25,31,33,35,36,41,42,44,45,47,48],"killed_by":"Time Eater","ascension_level":4}