{"gold_per_floor":[118,118,132,17,28,28,53,3,3,37,37,37,47,61,61,132,132,146,146,159,178,196,227,227,142,142,53,63,63,63],"floor_reached":30,"playtime":1339,"items_purged":["Strike_B"],"score":570,"play_id":"f454c8cd-0043-44d9-8d78-76bbc18f2314","local_time":"20230127223933","is_ascension_mode":true,"campfire_choices":[{"data":"Seek","floor":6,"key":"SMITH"},{"floor":12,"key":"REST"},{"floor":15,"key":"REST"},{"floor":24,"key":"REST"},{"data":"Darkness","floor":29,"key":"SMITH"}],"neow_cost":"NONE","seed_source_timestamp":246072315566600,"circlet_count":0,"master_deck":["AscendersBane","Strike_B","Strike_B","Defend_B","Defend_B","Defend_B","Zap","Dualcast","Streamline","Auto Shields","Seek+1","Ball Lightning","Doom and Gloom","Compile Driver","Steam","Cold Snap","Loop","Leap","Go for the Eyes","Machine Learning","Leap+1","Necronomicurse","Chill","BootSequence","Seek","Coolheaded+1","Capacitor","Darkness+1"],"relics":["Cracked Core","NeowsBlessing","White Beast Statue","Vajra","Bottled Flame","Lizard Tail","Empty Cage","Necronomicon","Gambling Chip","Juzu Bracelet","StrikeDummy"],"potions_floor_usage":[10,14,16,20,21,22,23,23,30,30],"damage_taken":[{"damage":0,"enemies":"Jaw Worm","floor":1,"turns":1},{"damage":0,"enemies":"Cultist","floor":3,"turns":1},{"damage":0,"enemies":"2 Louse","floor":5,"turns":1},{"damage":25,"enemies":"3 Sentries","floor":7,"turns":5},{"damage":9,"enemies":"Lagavulin","floor":10,"turns":7},{"damage":0,"enemies":"Lots of Slimes","floor":13,"turns":1},{"damage":11,"enemies":"3 Louse","floor":14,"turns":3},{"damage":43,"enemies":"The Guardian","floor":16,"turns":12},{"damage":23,"enemies":"Shell Parasite","floor":18,"turns":7},{"damage":6,"enemies":"2 Thieves","floor":20,"turns":3},{"damage":15,"enemies":"Snake Plant","floor":21,"turns":4},{"damage":4,"enemies":"Centurion and Healer","floor":22,"turns":3},{"damage":0,"enemies":"Gremlin Leader","floor":23,"turns":7},{"damage":14,"enemies":"Sentry and Sphere","floor":28,"turns":6},{"damage":45,"enemies":"Slavers","floor":30,"turns":4}],"seed_played":"6135487173153720225","potions_obtained":[{"floor":7,"key":"LiquidMemories"},{"floor":10,"key":"Regen Potion"},{"floor":13,"key":"Swift Potion"},{"floor":14,"key":"SteroidPotion"},{"floor":16,"key":"DistilledChaos"},{"floor":18,"key":"GamblersBrew"},{"floor":20,"key":"Explosive Potion"},{"floor":21,"key":"Fire Potion"},{"floor":22,"key":"Weak Potion"},{"floor":23,"key":"SneckoOil"},{"floor":28,"key":"Weak Potion"}],"is_trial":false,"path_per_floor":["M","?","M","$","M","R","E","$","T","E","?","R","M","M","R","B",null,"M","?","M","M","M","E","R","?","T","$","M","R","E"],"character_chosen":"DEFECT","items_purchased":["Doom and Gloom","Cold Snap","Capacitor"],"campfire_rested":3,"item_purchase_floors":[4,8,27],"current_hp_per_floor":[64,64,64,64,64,64,39,39,39,30,30,51,51,40,61,33,62,39,18,12,35,31,31,52,52,52,52,38,38,0],"gold":63,"neow_bonus":"THREE_ENEMY_KILL","is_prod":false,"is_daily":false,"chose_seed":false,"campfire_upgraded":2,"win_rate":0,"timestamp":1674877173,"path_taken":["M","?","M","?","M","R","E","$","T","E","?","R","?","M","R","BOSS","M","?","M","M","M","E","R","?","T","$","M","R","E"],"build_version":"2022-12-18","purchased_purges":1,"victory":false,"max_hp_per_floor":[71,71,71,71,71,71,71,71,71,71,71,71,71,71,71,71,71,71,71,71,71,71,71,71,71,71,71,71,71,71],"card_choices":[{"not_picked":["Stack","Turbo"],"picked":"Streamline","floor":1},{"not_picked":["Turbo","Coolheaded"],"picked":"Ball Lightning","floor":3},{"not_picked":["Sweeping Beam","Aggregate"],"picked":"Compile Driver","floor":5},{"not_picked":["Storm","Recycle"],"picked":"Steam","floor":7},{"not_picked":["Storm","Self Repair"],"picked":"Loop","floor":10},{"not_picked":["Skim","Scrape"],"picked":"Leap","floor":13},{"not_picked":["Heatsinks","Rebound"],"picked":"Go for the Eyes","floor":14},{"not_picked":["Creative AI","Amplify"],"picked":"Machine Learning","floor":16},{"not_picked":["Beam Cell","Hologram"],"picked":"Leap+1","floor":18},{"not_picked":["Leap","Reinforced Body"],"picked":"Chill","floor":20},{"not_picked":["Cold Snap","Chaos"],"picked":"BootSequence","floor":21},{"not_picked":["Compile Driver","Barrage"],"picked":"Seek","floor":22},{"not_picked":["BootSequence","Sweeping Beam"],"picked":"Coolheaded+1","floor":23},{"not_picked":["Leap","Rebound"],"picked":"Darkness","floor":28}],"player_experience":1194431,"relics_obtained":[{"floor":7,"key":"White Beast Statue"},{"floor":9,"key":"Vajra"},{"floor":10,"key":"Bottled Flame"},{"floor":11,"key":"Lizard Tail"},{"floor":19,"key":"Necronomicon"},{"floor":23,"key":"Gambling Chip"},{"floor":26,"key":"StrikeDummy"}],"event_choices":[{"damage_healed":0,"gold_gain":0,"player_choice":"2 cards matched","damage_taken":0,"max_hp_gain":0,"max_hp_loss":0,"event_name":"Match and Keep!","floor":2,"gold_loss":0,"cards_obtained":["Auto Shields","Seek"]},{"damage_healed":0,"gold_gain":0,"player_choice":"Relic","damage_taken":0,"max_hp_gain":0,"max_hp_loss":0,"event_name":"Wheel of Change","floor":11,"gold_loss":0},{"damage_healed":0,"gold_gain":0,"player_choice":"Obtained Book","damage_taken":21,"max_hp_gain":0,"max_hp_loss":0,"event_name":"Cursed Tome","floor":19,"gold_loss":0},{"damage_healed":0,"gold_gain":0,"player_choice":"Obtained Relic","damage_taken":0,"relics_obtained":["Juzu Bracelet"],"max_hp_gain":0,"max_hp_loss":0,"event_name":"Addict","floor":25,"gold_loss":85}],"is_beta":false,"boss_relics":[{"not_picked":["Cursed Key","Velvet Choker"],"picked":"Empty Cage"}],"items_purged_floors":[4],"is_endless":false,"potions_floor_spawned":[7,10,13,14,16,18,20,21,22,23,28],"killed_by":"Slavers","ascension_level":20}