{"gold_per_floor":[109,125,125,40,50,50,65,98,135,147],"floor_reached":10,"playtime":346,"items_purged":[],"score":136,"play_id":"0c381cd3-cbd5-4e36-ba2b-713170e87ace","local_time":"20230127221703","is_ascension_mode":true,"campfire_choices":[{"data":"White Noise","floor":6,"key":"SMITH"}],"neow_cost":"NONE","seed_source_timestamp":245715622016700,"circlet_count":0,"master_deck":["AscendersBane","Strike_B","Strike_B","Strike_B","Strike_B","Defend_B","Defend_B","Defend_B","Defend_B","Zap","Dualcast","Cold Snap","White Noise+1","Glacier","Doom and Gloom","Turbo","Coolheaded","Self Repair"],"relics":["Cracked Core","MawBank","Strawberry"],"potions_floor_usage":[10],"damage_taken":[{"damage":9,"enemies":"2 Louse","floor":1,"turns":3},{"damage":8,"enemies":"Small Slimes","floor":2,"turns":4},{"damage":5,"enemies":"Jaw Worm","floor":5,"turns":4},{"damage":0,"enemies":"2 Fungi Beasts","floor":7,"turns":4},{"damage":9,"enemies":"3 Sentries","floor":8,"turns":8},{"damage":54,"enemies":"Gremlin Nob","floor":10,"turns":4}],"seed_played":"6084487747306561403","potions_obtained":[{"floor":2,"key":"Energy Potion"},{"floor":5,"key":"SteroidPotion"}],"is_trial":false,"path_per_floor":["M","M","?","$","M","R","M","E","T","E"],"character_chosen":"DEFECT","items_purchased":["Doom and Gloom"],"campfire_rested":0,"item_purchase_floors":[4],"current_hp_per_floor":[55,47,47,47,42,42,42,33,40,0],"gold":147,"neow_bonus":"THREE_CARDS","is_prod":false,"is_daily":false,"chose_seed":false,"campfire_upgraded":1,"win_rate":0,"timestamp":1674875823,"path_taken":["M","M","?","$","M","R","M","E","T","E"],"build_version":"2022-12-18","purchased_purges":0,"victory":false,"max_hp_per_floor":[71,71,71,71,71,71,71,71,78,78],"card_choices":[{"not_picked":["Skim","Redo"],"picked":"Cold Snap","floor":0},{"not_picked":["Gash","Storm"],"picked":"White Noise","floor":1},{"not_picked":["Cold Snap","Leap"],"picked":"Glacier","floor":2},{"not_picked":["Gash","Hologram"],"picked":"Turbo","floor":5},{"not_picked":["Rebound","Hologram"],"picked":"Coolheaded","floor":7},{"not_picked":["Lockon","Storm"],"picked":"Self Repair","floor":8}],"player_experience":1194085,"relics_obtained":[{"floor":8,"key":"MawBank"},{"floor":9,"key":"Strawberry"}],"event_choices":[{"damage_healed":0,"gold_gain":0,"player_choice":"Ignored","damage_taken":0,"max_hp_gain":0,"max_hp_loss":0,"event_name":"Shining Light","floor":3,"gold_loss":0}],"is_beta":false,"boss_relics":[],"items_purged_floors":[],"is_endless":false,"potions_floor_spawned":[2,5,8],"killed_by":"Gremlin Nob","ascension_level":20}