{"gold_per_floor":[115,15,28,103,103,136,136,155,155,255,255,293,306,331,331,454,454,473,489,5,29,53,53,53],"floor_reached":24,"playtime":1349,"items_purged":["Strike_B","Strike_B"],"score":280,"play_id":"6ff9be9c-19fa-4326-ae0b-68e470d28e92","local_time":"20230122100206","is_ascension_mode":true,"campfire_choices":[{"data":"Zap","floor":7,"key":"SMITH"},{"data":"Hologram","floor":11,"key":"SMITH"},{"floor":15,"key":"REST"},{"data":"Enlightenment","floor":23,"key":"SMITH"}],"neow_cost":"NONE","seed_source_timestamp":326559032497300,"circlet_count":0,"master_deck":["Strike_B","Strike_B","Defend_B+1","Defend_B","Defend_B+1","Defend_B","Zap+1","Dualcast","Doom and Gloom","Steam","Cold Snap","Hologram+1","Creative AI","Coolheaded","Leap","Seek","Turbo","Skim","Core Surge","Enlightenment+1","Seek","Self Repair+1","Recycle"],"relics":["Cracked Core","NeowsBlessing","Golden Idol","Cables","Strawberry","War Paint","Philosopher\u0027s Stone","DollysMirror"],"potions_floor_usage":[16,18,22,24],"damage_taken":[{"damage":0,"enemies":"Jaw Worm","floor":1,"turns":1},{"damage":0,"enemies":"2 Louse","floor":3,"turns":1},{"damage":0,"enemies":"3 Sentries","floor":6,"turns":1},{"damage":0,"enemies":"Cultist","floor":8,"turns":3},{"damage":22,"enemies":"Lagavulin","floor":12,"turns":7},{"damage":4,"enemies":"Blue Slaver","floor":13,"turns":4},{"damage":13,"enemies":"Large Slime","floor":14,"turns":5},{"damage":17,"enemies":"Hexaghost","floor":16,"turns":9},{"damage":31,"enemies":"3 Byrds","floor":18,"turns":4},{"damage":8,"enemies":"Chosen","floor":19,"turns":6},{"damage":9,"enemies":"Shelled Parasite and Fungi","floor":21,"turns":8},{"damage":0,"enemies":"Sentry and Sphere","floor":22,"turns":4},{"damage":60,"enemies":"Cultist and Chosen","floor":24,"turns":5}],"seed_played":"910517412356111631","potions_obtained":[{"floor":3,"key":"SmokeBomb"},{"floor":12,"key":"Energy Potion"},{"floor":13,"key":"SneckoOil"},{"floor":14,"key":"Fire Potion"},{"floor":21,"key":"Block Potion"}],"is_trial":false,"path_per_floor":["M","$","M","?","?","E","R","M","T","?","R","E","M","M","R","B",null,"M","M","$","M","M","R","M"],"character_chosen":"DEFECT","items_purchased":["Steam","Core Surge","Enlightenment","DollysMirror"],"campfire_rested":1,"item_purchase_floors":[2,20,20,20],"current_hp_per_floor":[75,75,75,64,46,46,46,46,53,53,53,31,27,14,38,21,82,51,43,43,34,44,44,0],"gold":53,"neow_bonus":"THREE_ENEMY_KILL","is_prod":false,"is_daily":false,"chose_seed":false,"campfire_upgraded":3,"win_rate":0,"timestamp":1674399726,"path_taken":["M","$","M","?","?","E","R","M","T","?","R","E","M","M","R","BOSS","M","M","$","M","M","R","M"],"build_version":"2022-12-18","purchased_purges":2,"victory":false,"max_hp_per_floor":[75,75,75,75,75,75,75,75,82,82,82,82,82,82,82,82,82,82,82,82,82,82,82,82],"card_choices":[{"not_picked":["Streamline","Gash"],"picked":"Doom and Gloom","floor":1},{"not_picked":["Force Field","Fusion"],"picked":"Cold Snap","floor":3},{"not_picked":["Force Field","Rebound"],"picked":"Hologram","floor":6},{"not_picked":["Blizzard","Compile Driver","Reprogram"],"picked":"SKIP","floor":8},{"not_picked":["FTL","Consume"],"picked":"Creative AI","floor":12},{"not_picked":["Barrage","Streamline"],"picked":"Coolheaded","floor":13},{"not_picked":["Defragment","Doom and Gloom"],"picked":"Leap","floor":14},{"not_picked":["Hyperbeam","Machine Learning"],"picked":"Seek","floor":16},{"not_picked":["Loop","Hologram+1"],"picked":"Turbo","floor":18},{"not_picked":["Tempest+1","Blizzard"],"picked":"Skim","floor":19},{"not_picked":["Conserve Battery","White Noise"],"picked":"Self Repair+1","floor":21},{"not_picked":["Capacitor","Hologram"],"picked":"Recycle","floor":22}],"player_experience":1136968,"relics_obtained":[{"floor":6,"key":"Cables"},{"floor":9,"key":"Strawberry"},{"floor":12,"key":"War Paint"}],"event_choices":[{"damage_healed":0,"gold_gain":75,"player_choice":"Gather Gold","damage_taken":11,"max_hp_gain":0,"max_hp_loss":0,"event_name":"World of Goop","floor":4,"gold_loss":0},{"damage_healed":0,"gold_gain":0,"player_choice":"Take Damage","damage_taken":18,"relics_obtained":["Golden Idol"],"max_hp_gain":0,"max_hp_loss":0,"event_name":"Golden Idol","floor":5,"gold_loss":0},{"damage_healed":0,"gold_gain":100,"player_choice":"Pray","damage_taken":0,"max_hp_gain":0,"max_hp_loss":0,"event_name":"Golden Shrine","floor":10,"gold_loss":0}],"is_beta":false,"boss_relics":[{"not_picked":["Tiny House","Velvet Choker"],"picked":"Philosopher\u0027s Stone"}],"items_purged_floors":[2,20],"is_endless":false,"potions_floor_spawned":[3,12,13,14,21],"killed_by":"Cultist and Chosen","ascension_level":4}