{"gold_per_floor":[111,124,124,10,10,44,44,44,113,113,147,163,13,31,31,103,103,119,36,49,73,73,110,110,136,136,14,54,54,54,54,54,54],"floor_reached":33,"playtime":1636,"items_purged":["Defend_B"],"score":753,"play_id":"1ced274d-d5d2-4d04-ac4a-8fab151f0c97","local_time":"20230129192358","is_ascension_mode":true,"campfire_choices":[{"data":"Barrage","floor":8,"key":"SMITH"},{"data":"Rip and Tear","floor":10,"key":"SMITH"},{"floor":15,"key":"REST"},{"floor":24,"key":"REST"},{"floor":32,"key":"REST"}],"neow_cost":"NONE","seed_source_timestamp":406837646068100,"circlet_count":0,"master_deck":["AscendersBane","Strike_B","Strike_B","Strike_B","Defend_B","Defend_B","Defend_B","Zap","Dualcast","Barrage+1","Rip and Tear+1","Chill+1","Sweeping Beam","Redo","Streamline","Coolheaded","Doom and Gloom","Compile Driver","Biased Cognition","Self Repair","Core Surge","Chaos+1","Undo","Undo","Turbo","Redo","Machine Learning"],"relics":["Cracked Core","NeowsBlessing","Orichalcum","StrikeDummy","FaceOfCleric","White Beast Statue","Lantern","Mercury Hourglass","SlaversCollar","War Paint","CeramicFish","Mango","Anchor","Nilry\u0027s Codex"],"potions_floor_usage":[6,16,16,23,28,33,33],"damage_taken":[{"damage":0,"enemies":"Cultist","floor":1,"turns":1},{"damage":0,"enemies":"2 Louse","floor":2,"turns":1},{"damage":0,"enemies":"Lagavulin","floor":6,"turns":1},{"damage":9,"enemies":"3 Sentries","floor":11,"turns":6},{"damage":4,"enemies":"Small Slimes","floor":12,"turns":2},{"damage":3,"enemies":"Blue Slaver","floor":14,"turns":3},{"damage":0,"enemies":"Slime Boss","floor":16,"turns":4},{"damage":33,"enemies":"2 Thieves","floor":18,"turns":3},{"damage":9,"enemies":"Shell Parasite","floor":20,"turns":4},{"damage":25,"enemies":"Gremlin Leader","floor":23,"turns":6},{"damage":9,"enemies":"Centurion and Healer","floor":25,"turns":9},{"damage":11,"enemies":"Slavers","floor":28,"turns":5},{"damage":63,"enemies":"Collector","floor":33,"turns":9}],"seed_played":"-2684462584095508317","potions_obtained":[{"floor":1,"key":"Swift Potion"},{"floor":11,"key":"CultistPotion"},{"floor":12,"key":"FearPotion"},{"floor":14,"key":"Fire Potion"},{"floor":16,"key":"Strength Potion"},{"floor":18,"key":"FocusPotion"},{"floor":20,"key":"LiquidMemories"},{"floor":23,"key":"PotionOfCapacity"},{"floor":28,"key":"SpeedPotion"}],"is_trial":false,"path_per_floor":["M","M","?","$","?","E","?","R","T","R","E","M","?","M","R","B",null,"M","$","M","T","?","E","R","M","T","$","E","?","?","$","R","B"],"character_chosen":"DEFECT","items_purchased":["Sweeping Beam","Redo","Core Surge","Redo"],"campfire_rested":3,"item_purchase_floors":[4,4,19,27],"current_hp_per_floor":[64,64,64,64,46,46,46,46,46,46,38,35,35,33,55,56,70,38,38,37,37,37,20,43,42,56,56,53,53,32,32,60,0],"gold":54,"neow_bonus":"THREE_ENEMY_KILL","is_prod":false,"is_daily":false,"chose_seed":false,"campfire_upgraded":2,"win_rate":0,"timestamp":1675038238,"path_taken":["M","M","?","$","?","E","?","R","T","R","E","?","?","M","R","BOSS","M","$","M","?","?","E","R","M","T","$","E","?","?","$","R","BOSS"],"build_version":"2022-12-18","purchased_purges":1,"victory":false,"max_hp_per_floor":[71,71,71,71,71,71,71,71,71,71,72,73,73,74,74,75,75,76,76,77,77,77,78,78,79,93,93,94,94,94,94,94,94],"card_choices":[{"not_picked":["Leap","Reinforced Body"],"picked":"Barrage","floor":1},{"not_picked":["Skim","Redo"],"picked":"Rip and Tear","floor":2},{"not_picked":["Force Field","Consume"],"picked":"Streamline","floor":6},{"not_picked":["Double Energy","Chaos"],"picked":"Coolheaded","floor":11},{"not_picked":["Streamline","Sweeping Beam"],"picked":"Doom and Gloom","floor":12},{"not_picked":["Rebound","Go for the Eyes"],"picked":"Compile Driver","floor":14},{"not_picked":["Reboot","Core Surge"],"picked":"Biased Cognition","floor":16},{"not_picked":["Beam Cell","Chill"],"picked":"Self Repair","floor":18},{"not_picked":["Melter","Steam"],"picked":"Chaos","floor":20},{"not_picked":["Force Field","Rebound"],"picked":"Undo","floor":23},{"not_picked":["Reprogram","BootSequence"],"picked":"Turbo","floor":25},{"not_picked":["Streamline","Auto Shields"],"picked":"Machine Learning","floor":28}],"player_experience":1198846,"relics_obtained":[{"floor":6,"key":"StrikeDummy"},{"floor":9,"key":"White Beast Statue"},{"floor":11,"key":"Lantern"},{"floor":21,"key":"War Paint"},{"floor":23,"key":"CeramicFish"},{"floor":26,"key":"Mango"},{"floor":28,"key":"Anchor"},{"floor":30,"key":"Nilry\u0027s Codex"}],"event_choices":[{"damage_healed":0,"gold_gain":0,"cards_transformed":["Strike_B"],"player_choice":"Change","damage_taken":0,"max_hp_gain":0,"max_hp_loss":0,"event_name":"Living Wall","floor":3,"gold_loss":0,"cards_obtained":["Chill"]},{"damage_healed":0,"gold_gain":0,"player_choice":"Success","damage_taken":18,"relics_obtained":["Orichalcum"],"max_hp_gain":0,"max_hp_loss":0,"event_name":"Scrap Ooze","floor":5,"gold_loss":0},{"damage_healed":0,"gold_gain":0,"player_choice":"Trade","damage_taken":0,"relics_obtained":["FaceOfCleric"],"max_hp_gain":0,"max_hp_loss":0,"event_name":"FaceTrader","floor":7,"gold_loss":0},{"damage_healed":0,"gold_gain":0,"player_choice":"Paid Gold","damage_taken":0,"relics_obtained":["Mercury Hourglass"],"max_hp_gain":0,"max_hp_loss":0,"event_name":"WeMeetAgain","floor":13,"gold_loss":150},{"damage_healed":0,"gold_gain":0,"player_choice":"Read","damage_taken":0,"max_hp_gain":0,"max_hp_loss":0,"event_name":"The Library","floor":22,"gold_loss":0,"cards_obtained":["Undo"]},{"damage_healed":0,"gold_gain":0,"player_choice":"Ignored","damage_taken":0,"max_hp_gain":0,"max_hp_loss":0,"event_name":"Ghosts","floor":29,"gold_loss":0},{"damage_healed":0,"gold_gain":0,"player_choice":"Obtained Book","damage_taken":21,"max_hp_gain":0,"max_hp_loss":0,"event_name":"Cursed Tome","floor":30,"gold_loss":0}],"is_beta":false,"boss_relics":[{"not_picked":["Black Star","Empty Cage"],"picked":"SlaversCollar"}],"items_purged_floors":[27],"is_endless":false,"potions_floor_spawned":[1,11,12,14,16,18,20,23,25,28],"killed_by":"Collector","ascension_level":20}