{"gold_per_floor":[117,137,62,78,91,122,122,122,146,48,78,93,93,4,4,77,77,96,96,16,29,29,29,29,47,47,47],"floor_reached":27,"playtime":1010,"items_purged":[],"score":422,"play_id":"e0a8196d-2bc9-48b5-93b2-bd5b528f581f","local_time":"20230204180906","is_ascension_mode":true,"campfire_choices":[{"data":"Rainbow","floor":7,"key":"SMITH"},{"floor":13,"key":"REST"},{"data":"Seek","floor":15,"key":"SMITH"},{"floor":24,"key":"REST"}],"neow_cost":"NONE","seed_source_timestamp":155076907736500,"circlet_count":0,"master_deck":["AscendersBane","Strike_B+1","Strike_B+1","Strike_B+1","Defend_B+1","Defend_B+1","Defend_B+1","Zap","Dualcast","Reinforced Body","Undo","Compile Driver","Rainbow+1","Sunder","FTL","Static Discharge","Cold Snap","Capacitor","Glacier","Seek+1","Echo Form","Redo","Defragment","Ball Lightning","Barrage","Go for the Eyes"],"relics":["Cracked Core","NeowsBlessing","Oddly Smooth Stone","Dream Catcher","Odd Mushroom","Velvet Choker","Eternal Feather"],"potions_floor_usage":[6,16,16],"damage_taken":[{"damage":0,"enemies":"Small Slimes","floor":1,"turns":1},{"damage":0,"enemies":"2 Louse","floor":2,"turns":1},{"damage":0,"enemies":"Jaw Worm","floor":4,"turns":1},{"damage":3,"enemies":"Blue Slaver","floor":5,"turns":5},{"damage":24,"enemies":"Lagavulin","floor":6,"turns":6},{"damage":9,"enemies":"The Mushroom Lair","floor":11,"turns":4},{"damage":6,"enemies":"Looter","floor":12,"turns":4},{"damage":15,"enemies":"Hexaghost","floor":16,"turns":16},{"damage":18,"enemies":"Chosen","floor":18,"turns":6},{"damage":7,"enemies":"Spheric Guardian","floor":21,"turns":6},{"damage":19,"enemies":"Shelled Parasite and Fungi","floor":25,"turns":7},{"damage":51,"enemies":"Gremlin Leader","floor":27,"turns":5}],"seed_played":"2430174383302565075","potions_obtained":[{"floor":1,"key":"Regen Potion"},{"floor":5,"key":"Dexterity Potion"},{"floor":11,"key":"Block Potion"},{"floor":21,"key":"FearPotion"},{"floor":25,"key":"Explosive Potion"}],"is_trial":false,"path_per_floor":["M","M","?","M","M","E","R","?","T","$","?","M","R","$","R","B",null,"M","?","$","M","?","$","R","M","T","E"],"character_chosen":"DEFECT","items_purchased":["Static Discharge","Cold Snap","Seek","Defragment"],"campfire_rested":2,"item_purchase_floors":[10,10,14,20],"current_hp_per_floor":[64,64,64,64,61,49,49,49,49,49,40,34,55,55,55,40,63,45,45,45,38,38,38,59,40,40,0],"gold":47,"neow_bonus":"THREE_ENEMY_KILL","is_prod":false,"is_daily":false,"chose_seed":false,"campfire_upgraded":2,"win_rate":0,"timestamp":1675552146,"path_taken":["M","M","?","M","M","E","R","?","T","$","?","M","R","?","R","BOSS","M","?","$","M","?","$","R","M","T","E"],"build_version":"2022-12-18","purchased_purges":0,"victory":false,"max_hp_per_floor":[71,71,71,71,71,71,71,71,71,71,71,71,71,71,71,71,71,71,71,71,71,71,71,71,71,71,71],"card_choices":[{"not_picked":["Turbo","Redo"],"picked":"Reinforced Body","floor":1},{"not_picked":["Hologram","Redo"],"picked":"Undo","floor":2},{"not_picked":["Streamline","Rebound"],"picked":"Compile Driver","floor":4},{"not_picked":["Rebound","Lockon"],"picked":"Rainbow","floor":5},{"not_picked":["Genetic Algorithm","Beam Cell"],"picked":"Sunder","floor":6},{"not_picked":["Static Discharge","Storm"],"picked":"Capacitor","floor":12},{"not_picked":["Steam","Steam Power"],"picked":"Glacier","floor":13},{"not_picked":["Hyperbeam","Buffer"],"picked":"Echo Form","floor":16},{"not_picked":["Steam","Gash"],"picked":"Redo","floor":18},{"not_picked":["Gash","Redo"],"picked":"Ball Lightning","floor":21},{"not_picked":["Storm","Rainbow"],"picked":"Barrage","floor":24},{"not_picked":["BootSequence","Ball Lightning"],"picked":"Go for the Eyes","floor":25}],"player_experience":1250386,"relics_obtained":[{"floor":6,"key":"Oddly Smooth Stone"},{"floor":9,"key":"Dream Catcher"},{"floor":11,"key":"Odd Mushroom"},{"floor":26,"key":"Eternal Feather"}],"event_choices":[{"cards_removed":["Defend_B"],"damage_healed":0,"gold_gain":0,"player_choice":"Card Removal","damage_taken":0,"max_hp_gain":0,"max_hp_loss":0,"event_name":"The Cleric","floor":3,"gold_loss":75},{"damage_healed":0,"gold_gain":0,"cards_transformed":["Strike_B"],"player_choice":"Change","damage_taken":0,"max_hp_gain":0,"max_hp_loss":0,"event_name":"Living Wall","floor":8,"gold_loss":0,"cards_obtained":["FTL"]},{"damage_healed":0,"gold_gain":0,"player_choice":"Fought Mushrooms","damage_taken":0,"max_hp_gain":0,"max_hp_loss":0,"event_name":"Mushrooms","floor":11,"gold_loss":0},{"damage_healed":0,"gold_gain":0,"player_choice":"Simplicity","damage_taken":0,"max_hp_gain":0,"max_hp_loss":0,"event_name":"Back to Basics","floor":19,"gold_loss":0,"cards_upgraded":["Strike_B","Strike_B","Strike_B","Defend_B","Defend_B","Defend_B"]},{"damage_healed":0,"gold_gain":0,"player_choice":"Ignored","damage_taken":0,"max_hp_gain":0,"max_hp_loss":0,"event_name":"Vampires","floor":22,"gold_loss":0}],"is_beta":false,"boss_relics":[{"not_picked":["Tiny House","Empty Cage"],"picked":"Velvet Choker"}],"items_purged_floors":[],"is_endless":false,"potions_floor_spawned":[1,5,11,21,25],"killed_by":"Gremlin Leader","ascension_level":20}