{"gold_per_floor":[109,109,8,22,22,22,40,66,66,13,41,41,41,58,58,131,131,147,8,8],"floor_reached":20,"playtime":615,"items_purged":["Strike_B"],"score":360,"play_id":"9f4f7afb-d11e-4694-ab43-055dc5e75a87","local_time":"20230129212936","is_ascension_mode":true,"campfire_choices":[{"data":"Defragment","floor":6,"key":"SMITH"},{"floor":15,"key":"REST"}],"neow_cost":"NONE","seed_source_timestamp":415392190121900,"circlet_count":0,"master_deck":["AscendersBane","Strike_B","Strike_B","Defend_B","Defend_B","Defend_B","Defend_B","Zap","Dualcast","Go for the Eyes","Go for the Eyes","Defragment+1","Coolheaded","Streamline","Defragment","Defragment","Leap","Rebound","Multi-Cast","Ball Lightning+1","Cold Snap","Loop"],"relics":["Cracked Core","NeowsBlessing","The Courier","Ancient Tea Set","Oddly Smooth Stone","Black Star"],"potions_floor_usage":[16],"damage_taken":[{"damage":0,"enemies":"Jaw Worm","floor":1,"turns":1},{"damage":0,"enemies":"2 Louse","floor":4,"turns":1},{"damage":0,"enemies":"Small Slimes","floor":7,"turns":1},{"damage":10,"enemies":"Lagavulin","floor":8,"turns":8},{"damage":35,"enemies":"3 Sentries","floor":11,"turns":7},{"damage":9,"enemies":"Exordium Wildlife","floor":14,"turns":4},{"damage":27,"enemies":"Hexaghost","floor":16,"turns":12},{"damage":47,"enemies":"3 Byrds","floor":18,"turns":6},{"damage":13,"enemies":"Chosen","floor":20,"turns":3}],"seed_played":"-172197521705746983","potions_obtained":[{"floor":8,"key":"Ancient Potion"},{"floor":14,"key":"LiquidMemories"}],"is_trial":false,"path_per_floor":["M","?","$","M","?","R","M","E","T","?","E","?","?","M","R","B",null,"M","$","M"],"character_chosen":"DEFECT","items_purchased":["Defragment","Coolheaded","Cold Snap","Loop"],"campfire_rested":1,"item_purchase_floors":[3,3,19,19],"current_hp_per_floor":[64,64,64,64,64,64,64,54,54,54,19,19,19,10,31,4,54,7,7,0],"gold":8,"neow_bonus":"THREE_ENEMY_KILL","is_prod":false,"is_daily":false,"chose_seed":false,"campfire_upgraded":1,"win_rate":0,"timestamp":1675045776,"path_taken":["M","?","$","M","?","R","M","E","T","?","E","?","?","M","R","BOSS","M","$","M"],"build_version":"2022-12-18","purchased_purges":1,"victory":false,"max_hp_per_floor":[71,71,71,71,71,71,71,71,71,71,71,71,71,71,71,71,71,71,71,71],"card_choices":[{"not_picked":["Stack","Skim"],"picked":"Go for the Eyes","floor":1},{"not_picked":["Go for the Eyes","Steam"],"picked":"Streamline","floor":4},{"not_picked":["Self Repair","Redo"],"picked":"Defragment","floor":7},{"not_picked":["Stack","Beam Cell"],"picked":"Defragment","floor":8},{"not_picked":["Redo","Loop"],"picked":"Leap","floor":11},{"not_picked":["Thunder Strike","Heatsinks"],"picked":"Rebound","floor":14},{"not_picked":["Meteor Strike","Creative AI"],"picked":"Multi-Cast","floor":16},{"not_picked":["Steam+1","White Noise"],"picked":"Ball Lightning+1","floor":18}],"player_experience":1202096,"relics_obtained":[{"floor":8,"key":"The Courier"},{"floor":9,"key":"Ancient Tea Set"},{"floor":11,"key":"Oddly Smooth Stone"}],"event_choices":[{"damage_healed":0,"gold_gain":0,"cards_transformed":["Strike_B"],"player_choice":"Change","damage_taken":0,"max_hp_gain":0,"max_hp_loss":0,"event_name":"Living Wall","floor":2,"gold_loss":0,"cards_obtained":["Go for the Eyes"]},{"damage_healed":0,"gold_gain":0,"player_choice":"Ignored","damage_taken":0,"max_hp_gain":0,"max_hp_loss":0,"event_name":"Liars Game","floor":5,"gold_loss":0},{"damage_healed":0,"gold_gain":0,"player_choice":"Left Gold","damage_taken":0,"max_hp_gain":0,"max_hp_loss":0,"event_name":"World of Goop","floor":10,"gold_loss":53},{"damage_healed":0,"gold_gain":0,"player_choice":"Ignored","damage_taken":0,"max_hp_gain":0,"max_hp_loss":0,"event_name":"Shining Light","floor":12,"gold_loss":0},{"damage_healed":0,"gold_gain":0,"player_choice":"Fled","damage_taken":0,"max_hp_gain":0,"max_hp_loss":0,"event_name":"Scrap Ooze","floor":13,"gold_loss":0}],"is_beta":false,"boss_relics":[{"not_picked":["Busted Crown","FrozenCore"],"picked":"Black Star"}],"items_purged_floors":[19],"is_endless":false,"potions_floor_spawned":[8,14],"killed_by":"Chosen","ascension_level":20}