{"gold_per_floor":[117,117,117,134,154,188,202,202,202,228,10,10,42,4,4,106,106,117,34,47,60,76,101,101,101,183,218,236,275,287,296,296,407,461,481,22,41,60,70,104,114,114,139,164,180,197,224,249,249,249],"floor_reached":51,"playtime":4160,"items_purged":["Defend_B"],"score":871,"play_id":"20808ef8-ea96-4790-bb46-fa869f9ff379","local_time":"20230310001101","is_ascension_mode":false,"campfire_choices":[{"data":"Tempest","floor":8,"key":"SMITH"},{"floor":15,"key":"REST"},{"floor":32,"key":"REST"},{"floor":49,"key":"REST"}],"neow_cost":"NONE","seed_source_timestamp":1973676373715700,"circlet_count":0,"master_deck":["Zap","Dualcast","Chill","Rip and Tear","Glacier","Tempest+1","Multi-Cast","Reinforced Body","Cold Snap","Go for the Eyes","Gash","Undo","Hologram","Electrodynamics","Gash+1","Gash","Loop","Leap","Defragment+1","Stack+1","Die Die Die+1","Fission","Defragment+1","Biased Cognition","Echo Form","Machine Learning","Conserve Battery","Capacitor","BootSequence","Scrape","Seek","Ball Lightning","Coolheaded","Static Discharge+1"],"relics":["Cracked Core","Shuriken","Darkstone Periapt","Singing Bowl","Fusion Hammer","Mercury Hourglass","Nloth\u0027s Gift","Meat on the Bone","CeramicFish","Matryoshka","Pandora\u0027s Box","Cables","Oddly Smooth Stone","Potion Belt","Omamori","Pen Nib","FossilizedHelix"],"potions_floor_usage":[10,16,16,29,29,33,35,44,48,50,50,50],"damage_taken":[{"damage":0,"enemies":"2 Louse","floor":1,"turns":2},{"damage":0,"enemies":"Small Slimes","floor":4,"turns":4},{"damage":0,"enemies":"Jaw Worm","floor":5,"turns":4},{"damage":2,"enemies":"3 Sentries","floor":6,"turns":8},{"damage":0,"enemies":"2 Fungi Beasts","floor":7,"turns":3},{"damage":31,"enemies":"Gremlin Nob","floor":10,"turns":4},{"damage":0,"enemies":"3 Sentries","floor":13,"turns":8},{"damage":10,"enemies":"The Guardian","floor":16,"turns":14},{"damage":0,"enemies":"3 Byrds","floor":18,"turns":2},{"damage":11,"enemies":"2 Thieves","floor":20,"turns":4},{"damage":9,"enemies":"Centurion and Healer","floor":21,"turns":4},{"damage":3,"enemies":"Sentry and Sphere","floor":22,"turns":7},{"damage":1,"enemies":"Book of Stabbing","floor":23,"turns":8},{"damage":5,"enemies":"Gremlin Leader","floor":27,"turns":7},{"damage":0,"enemies":"3 Cultists","floor":28,"turns":4},{"damage":17,"enemies":"Book of Stabbing","floor":29,"turns":6},{"damage":7,"enemies":"Shelled Parasite and Fungi","floor":30,"turns":5},{"damage":1,"enemies":"Champ","floor":33,"turns":12},{"damage":0,"enemies":"3 Darklings","floor":35,"turns":4},{"damage":0,"enemies":"Orb Walker","floor":37,"turns":5},{"damage":28,"enemies":"3 Darklings","floor":38,"turns":5},{"damage":0,"enemies":"Spire Growth","floor":39,"turns":6},{"damage":0,"enemies":"Giant Head","floor":40,"turns":7},{"damage":0,"enemies":"Sphere and 2 Shapes","floor":41,"turns":3},{"damage":8,"enemies":"Reptomancer","floor":44,"turns":5},{"damage":23,"enemies":"4 Shapes","floor":45,"turns":3},{"damage":2,"enemies":"Writhing Mass","floor":46,"turns":5},{"damage":33,"enemies":"Nemesis","floor":47,"turns":9},{"damage":0,"enemies":"Transient","floor":48,"turns":5},{"damage":41,"enemies":"Time Eater","floor":50,"turns":8}],"seed_played":"1000024671405908391","potions_obtained":[{"floor":1,"key":"ColorlessPotion"},{"floor":10,"key":"DuplicationPotion"},{"floor":13,"key":"FearPotion"},{"floor":16,"key":"GamblersBrew"},{"floor":23,"key":"PotionOfCapacity"},{"floor":28,"key":"SkillPotion"},{"floor":29,"key":"SteroidPotion"},{"floor":33,"key":"LiquidBronze"},{"floor":37,"key":"Strength Potion"},{"floor":39,"key":"Explosive Potion"},{"floor":47,"key":"FocusPotion"},{"floor":48,"key":"Dexterity Potion"}],"is_trial":false,"path_per_floor":["M","?","?","M","M","E","M","R","T","E","$","?","E","?","R","B",null,"M","$","M","M","M","E","?","?","T","E","M","E","M","?","R","B",null,"M","$","M","M","M","E","M","?","T","E","M","M","E","M","R","B",null],"character_chosen":"DEFECT","basemod:card_modifiers":[null,null,null,null,null,null,null,null,null,null,null,null,null,null,null,null,null,null,null,null,null,null,null,null,null,null,null,null,null,null,null,null,null,null],"items_purchased":["Go for the Eyes","Gash","Undo","Gash","Loop","Seek","Ball Lightning","Cables","Coolheaded"],"campfire_rested":3,"item_purchase_floors":[11,11,11,19,19,36,36,36,36],"current_hp_per_floor":[75,68,73,73,73,71,71,71,71,40,40,24,24,24,48,38,80,80,80,71,62,59,58,58,58,58,55,57,52,47,47,73,72,88,90,90,92,66,68,70,72,72,72,66,57,57,38,50,80,51],"gold":249,"neow_bonus":"THREE_CARDS","is_prod":false,"is_daily":false,"chose_seed":false,"campfire_upgraded":1,"win_rate":0,"timestamp":1678425061,"path_taken":["M","?","?","M","M","E","M","R","T","E","$","?","E","?","R","BOSS","M","$","M","M","M","E","?","?","T","E","M","E","M","?","R","BOSS","M","$","M","M","?","E","M","?","T","E","M","M","E","M","R","BOSS"],"build_version":"2022-12-18","purchased_purges":1,"victory":true,"max_hp_per_floor":[75,75,80,80,80,80,80,80,80,80,80,80,80,80,80,80,80,80,80,82,82,82,82,82,82,82,84,86,86,88,88,88,88,88,90,90,92,94,96,98,100,95,95,97,99,101,103,103,103,103],"card_choices":[{"not_picked":["Steam","Reprogram"],"picked":"Chill","floor":0},{"not_picked":["Recycle","Streamline"],"picked":"Rip and Tear","floor":1},{"not_picked":["Reprogram","Chill"],"picked":"Glacier","floor":4},{"not_picked":["Sweeping Beam","Compile Driver"],"picked":"Tempest","floor":5},{"not_picked":["Hello World","Aggregate"],"picked":"Multi-Cast","floor":6},{"not_picked":["Streamline","Beam Cell"],"picked":"Reinforced Body","floor":7},{"not_picked":["Compile Driver","Ball Lightning"],"picked":"Cold Snap","floor":10},{"not_picked":["Multi-Cast","Compile Driver"],"picked":"Hologram","floor":13},{"not_picked":["Multi-Cast","Meteor Strike"],"picked":"Electrodynamics","floor":16},{"not_picked":["Ball Lightning","Beam Cell"],"picked":"Gash+1","floor":18},{"not_picked":["Go for the Eyes","Double Energy","Aggregate+1"],"picked":"Singing Bowl","floor":20},{"not_picked":["Recycle","Turbo+1"],"picked":"Leap","floor":21},{"not_picked":["Streamline","BootSequence+1"],"picked":"Defragment+1","floor":22},{"not_picked":["Reprogram","Streamline"],"picked":"Stack+1","floor":23},{"not_picked":["Conserve Battery+1","Aggregate","Darkness+1"],"picked":"Singing Bowl","floor":27},{"not_picked":["Glacier+1","Creative AI","Ball Lightning"],"picked":"Singing Bowl","floor":28},{"not_picked":["Sunder","Recycle"],"picked":"Fission","floor":29},{"not_picked":["Hyperbeam","Hello World+1","Go for the Eyes"],"picked":"Singing Bowl","floor":30},{"not_picked":["Creative AI","Fission"],"picked":"Biased Cognition","floor":33},{"not_picked":["Leap+1","Go for the Eyes+1","Beam Cell"],"picked":"Singing Bowl","floor":35},{"not_picked":["Genetic Algorithm","Sweeping Beam+1","Tempest+1"],"picked":"Singing Bowl","floor":37},{"not_picked":["Hologram+1","Echo Form","Doom and Gloom"],"picked":"Singing Bowl","floor":38},{"not_picked":["Chaos","Beam Cell+1","Compile Driver"],"picked":"Singing Bowl","floor":39},{"not_picked":["Genetic Algorithm","BootSequence+1","Leap"],"picked":"Singing Bowl","floor":40},{"not_picked":["Reinforced Body+1","Streamline+1","White Noise+1"],"picked":"Singing Bowl","floor":41},{"not_picked":["Echo Form","Force Field+1","Lockon+1"],"picked":"Singing Bowl","floor":44},{"not_picked":["BootSequence+1","Steam+1","Reinforced Body+1"],"picked":"Singing Bowl","floor":45},{"not_picked":["Cold Snap","Consume+1","Reinforced Body+1"],"picked":"Singing Bowl","floor":46},{"not_picked":["Reboot","Turbo","Rainbow"],"picked":"Singing Bowl","floor":47},{"not_picked":["Loop+1","Chaos"],"picked":"Static Discharge+1","floor":48}],"player_experience":1314903,"relics_obtained":[{"floor":6,"key":"Shuriken"},{"floor":9,"key":"Darkstone Periapt"},{"floor":10,"key":"Sundial"},{"floor":13,"key":"Singing Bowl"},{"floor":23,"key":"Mercury Hourglass"},{"floor":26,"key":"Meat on the Bone"},{"floor":27,"key":"CeramicFish"},{"floor":29,"key":"Matryoshka"},{"floor":40,"key":"Oddly Smooth Stone"},{"floor":43,"key":"Potion Belt"},{"floor":43,"key":"Omamori"},{"floor":44,"key":"Pen Nib"},{"floor":47,"key":"FossilizedHelix"}],"event_choices":[{"cards_removed":["Strike_B"],"damage_healed":0,"gold_gain":0,"player_choice":"Card Removal","damage_taken":7,"max_hp_gain":0,"max_hp_loss":0,"event_name":"Golden Wing","floor":2,"gold_loss":0},{"damage_healed":0,"gold_gain":0,"player_choice":"Donut","damage_taken":0,"max_hp_gain":5,"max_hp_loss":0,"event_name":"Big Fish","floor":3,"gold_loss":0},{"damage_healed":0,"gold_gain":0,"player_choice":"Entered Light","damage_taken":16,"max_hp_gain":0,"max_hp_loss":0,"event_name":"Shining Light","floor":12,"gold_loss":0,"cards_upgraded":["Strike_B","Defend_B"]},{"damage_healed":0,"gold_gain":0,"player_choice":"Left Gold","damage_taken":0,"max_hp_gain":0,"max_hp_loss":0,"event_name":"World of Goop","floor":14,"gold_loss":38},{"damage_healed":0,"gold_gain":0,"player_choice":"Traded Relic","damage_taken":0,"relics_obtained":["Nloth\u0027s Gift"],"max_hp_gain":0,"max_hp_loss":0,"event_name":"N\u0027loth","floor":24,"relics_lost":["Sundial"],"gold_loss":0},{"cards_removed":["Undo"],"damage_healed":0,"gold_gain":0,"player_choice":"Take \u0026 Give","damage_taken":0,"max_hp_gain":0,"max_hp_loss":0,"event_name":"betterNote:BetterNote","floor":25,"gold_loss":0,"cards_obtained":["Die Die Die"]},{"damage_healed":0,"gold_gain":0,"player_choice":"Copied","damage_taken":0,"max_hp_gain":0,"max_hp_loss":0,"event_name":"Duplicator","floor":31,"gold_loss":0,"cards_obtained":["Defragment"]},{"damage_healed":0,"gold_gain":0,"player_choice":"Max HP","damage_taken":0,"max_hp_gain":0,"max_hp_loss":5,"event_name":"Winding Halls","floor":42,"gold_loss":0}],"is_beta":false,"boss_relics":[{"not_picked":["Empty Cage","SlaversCollar"],"picked":"Fusion Hammer"},{"not_picked":["FrozenCore","Calling Bell"],"picked":"Pandora\u0027s Box"}],"items_purged_floors":[11],"is_endless":false,"potions_floor_spawned":[1,10,13,16,23,28,29,33,37,39,47,48],"ascension_level":0}