{"gold_per_floor":[113,132,146,146,162,195,195,225,225,225,241,269,269,49,49,153,153,136,73,87,105,71,71,89,124,195,195,214,194,74,92,92,187,187,199,216,216],"floor_reached":37,"playtime":1797,"items_purged":["Normality"],"score":432,"play_id":"1425ce06-7dda-4cfd-a1f5-0265fda8534c","local_time":"20230319221630","is_ascension_mode":true,"campfire_choices":[{"floor":7,"key":"REST"},{"floor":10,"key":"REST"},{"data":"Noxious Fumes","floor":15,"key":"SMITH"},{"data":"Footwork","floor":23,"key":"SMITH"},{"data":"Envenom","floor":32,"key":"SMITH"}],"neow_cost":"NONE","seed_source_timestamp":414861666259700,"circlet_count":0,"master_deck":["Strike_G","Strike_G","Strike_G","Strike_G","Strike_G","Defend_G","Defend_G","Defend_G","Defend_G","Defend_G","Survivor","Neutralize","Deadly Poison","Sucker Punch","Predator","Well Laid Plans","Calculated Gamble","Backflip","Dagger Spray","PiercingWail","Neutralize","Noxious Fumes+1","Malaise","Escape Plan+1","Caltrops","Blur","Footwork+1","Caltrops","Flash of Steel","Footwork","Envenom+1","Envenom","Prepared"],"relics":["Ring of the Snake","Blood Vial","Shuriken","Meat on the Bone","Eternal Feather","Centennial Puzzle","Snake Skull","Coffee Dripper","Akabeko","Smiling Mask","Kunai","Runic Pyramid"],"potions_floor_usage":[8,12,12,16,25,25,33,33,33,36,37],"damage_taken":[{"damage":5,"enemies":"Jaw Worm","floor":1,"turns":4},{"damage":0,"enemies":"Cultist","floor":2,"turns":4},{"damage":0,"enemies":"2 Louse","floor":3,"turns":4},{"damage":29,"enemies":"Exordium Thugs","floor":5,"turns":7},{"damage":28,"enemies":"3 Sentries","floor":6,"turns":11},{"damage":18,"enemies":"Gremlin Nob","floor":8,"turns":4},{"damage":4,"enemies":"Blue Slaver","floor":11,"turns":4},{"damage":10,"enemies":"3 Sentries","floor":12,"turns":9},{"damage":1,"enemies":"Hexaghost","floor":16,"turns":9},{"damage":6,"enemies":"2 Thieves","floor":18,"turns":4},{"damage":0,"enemies":"3 Byrds","floor":20,"turns":4},{"damage":18,"enemies":"Sentry and Sphere","floor":21,"turns":7},{"damage":0,"enemies":"Snecko","floor":24,"turns":7},{"damage":34,"enemies":"Slavers","floor":25,"turns":4},{"damage":0,"enemies":"Snake Plant","floor":28,"turns":7},{"damage":9,"enemies":"Cultist and Chosen","floor":31,"turns":8},{"damage":25,"enemies":"Automaton","floor":33,"turns":9},{"damage":12,"enemies":"Orb Walker","floor":35,"turns":5},{"damage":0,"enemies":"3 Shapes","floor":36,"turns":2},{"damage":25,"enemies":"2 Orb Walkers","floor":37,"turns":3}],"seed_played":"-6954794115504227523","potions_obtained":[{"floor":3,"key":"SteroidPotion"},{"floor":8,"key":"Block Potion"},{"floor":11,"key":"EntropicBrew"},{"floor":16,"key":"Energy Potion"},{"floor":28,"key":"Regen Potion"},{"floor":29,"key":"ColorlessPotion"},{"floor":33,"key":"EssenceOfSteel"},{"floor":35,"key":"Poison Potion"}],"is_trial":false,"path_per_floor":["M","M","M","?","M","E","R","E","T","R","M","E","?","$","R","B",null,"M","?","M","M","$","R","M","E","T","?","M","?","$","M","R","B",null,"M","M","?"],"character_chosen":"THE_SILENT","basemod:card_modifiers":[null,null,null,null,null,null,null,null,null,null,null,null,null,null,null,null,null,null,null,null,null,null,null,null,null,null,null,null,null,null,null,null,null],"items_purchased":["Snake Skull","Noxious Fumes","Footwork","Footwork"],"campfire_rested":2,"item_purchase_floors":[14,14,22,30],"current_hp_per_floor":[65,65,65,65,38,12,33,17,17,47,45,37,37,37,49,50,70,64,64,66,50,50,65,67,47,47,47,49,49,49,42,60,51,70,58,60,37],"gold":216,"neow_bonus":"THREE_CARDS","is_prod":false,"is_daily":false,"chose_seed":false,"campfire_upgraded":3,"win_rate":0,"timestamp":1679278590,"path_taken":["M","M","M","?","?","E","R","E","T","R","M","E","?","?","R","BOSS","M","?","M","M","$","R","M","E","T","?","M","?","?","M","R","BOSS","M","M","?"],"build_version":"2022-12-18","purchased_purges":1,"victory":false,"max_hp_per_floor":[70,70,70,70,70,70,70,70,70,70,70,70,70,70,70,70,70,70,70,70,70,70,70,70,70,70,70,70,70,70,70,70,70,70,70,70,70],"card_choices":[{"not_picked":["Cloak And Dagger","Tactician"],"picked":"Deadly Poison","floor":0},{"not_picked":["Accuracy","Underhanded Strike"],"picked":"Sucker Punch","floor":1},{"not_picked":["Tactician","Setup"],"picked":"Predator","floor":2},{"not_picked":["Dagger Spray","Blade Dance"],"picked":"Well Laid Plans","floor":3},{"not_picked":["Bouncing Flask","Deflect","Flying Knee"],"picked":"SKIP","floor":5},{"not_picked":["Phantasmal Killer","Storm of Steel"],"picked":"Calculated Gamble","floor":6},{"not_picked":["Infinite Blades","Dagger Spray"],"picked":"Backflip","floor":8},{"not_picked":["Well Laid Plans","Bane"],"picked":"Dagger Spray","floor":11},{"not_picked":["Leg Sweep","Backstab"],"picked":"PiercingWail","floor":12},{"not_picked":["Unload","Doppelganger"],"picked":"Malaise","floor":16},{"not_picked":["Endless Agony+1","Cloak And Dagger"],"picked":"Escape Plan+1","floor":18},{"not_picked":["Dagger Spray","Slice+1"],"picked":"Caltrops","floor":20},{"not_picked":["Quick Slash+1","Infinite Blades"],"picked":"Blur","floor":21},{"not_picked":["Sucker Punch+1","Outmaneuver"],"picked":"Caltrops","floor":24},{"not_picked":["Dagger Throw","Cloak And Dagger","Sucker Punch+1"],"picked":"SKIP","floor":25},{"not_picked":["Skewer","Prepared","Heel Hook+1"],"picked":"SKIP","floor":28},{"not_picked":["Acrobatics","Poisoned Stab+1"],"picked":"Envenom","floor":31},{"not_picked":["Storm of Steel","Grand Finale"],"picked":"Envenom","floor":33},{"not_picked":["Skewer+1","Poisoned Stab+1","Choke"],"picked":"SKIP","floor":35},{"not_picked":["Dodge and Roll+1","Deflect"],"picked":"Prepared","floor":36}],"player_experience":1303039,"relics_obtained":[{"floor":4,"key":"Blood Vial"},{"floor":6,"key":"Shuriken"},{"floor":8,"key":"Meat on the Bone"},{"floor":9,"key":"Eternal Feather"},{"floor":12,"key":"Centennial Puzzle"},{"floor":25,"key":"Smiling Mask"},{"floor":26,"key":"Kunai"}],"event_choices":[{"damage_healed":0,"gold_gain":0,"player_choice":"Relic","damage_taken":0,"max_hp_gain":0,"max_hp_loss":0,"event_name":"Wheel of Change","floor":4,"gold_loss":0},{"damage_healed":0,"gold_gain":0,"player_choice":"1 cards matched","damage_taken":0,"max_hp_gain":0,"max_hp_loss":0,"event_name":"Match and Keep!","floor":13,"gold_loss":0,"cards_obtained":["Neutralize"]},{"damage_healed":0,"gold_gain":0,"player_choice":"Paid Gold","damage_taken":0,"relics_obtained":["Akabeko"],"max_hp_gain":0,"max_hp_loss":0,"event_name":"WeMeetAgain","floor":19,"gold_loss":63},{"damage_healed":0,"gold_gain":0,"player_choice":"2 cards matched","damage_taken":0,"max_hp_gain":0,"max_hp_loss":0,"event_name":"Match and Keep!","floor":27,"gold_loss":0,"cards_obtained":["Flash of Steel","Normality"]},{"damage_healed":0,"gold_gain":0,"player_choice":"Bought 1 Potion","damage_taken":0,"max_hp_gain":0,"max_hp_loss":0,"event_name":"The Woman in Blue","floor":29,"gold_loss":0},{"damage_healed":0,"gold_gain":0,"player_choice":"Fight","damage_taken":0,"max_hp_gain":0,"max_hp_loss":0,"event_name":"Mysterious Sphere","floor":37,"gold_loss":0}],"is_beta":false,"boss_relics":[{"not_picked":["Ectoplasm","Busted Crown"],"picked":"Coffee Dripper"},{"not_picked":["Cursed Key","HoveringKite"],"picked":"Runic Pyramid"}],"items_purged_floors":[30],"is_endless":false,"potions_floor_spawned":[3,8,11,16,20,24,28,33,35],"killed_by":"2 Orb Walkers","ascension_level":1}