{"gold_per_floor":[119,194,212,230,200,200,43,43,70,70],"floor_reached":10,"playtime":396,"items_purged":[],"score":116,"play_id":"54a115fd-60a1-450d-9c68-78e66d033105","local_time":"20230401152148","is_ascension_mode":true,"campfire_choices":[{"data":"Deflect","floor":6,"key":"SMITH"},{"data":"Glass Knife","floor":8,"key":"SMITH"}],"neow_cost":"NONE","seed_source_timestamp":1514640887709100,"circlet_count":0,"master_deck":["AscendersBane","Strike_G","Strike_G","Strike_G","Strike_G","Strike_G","Defend_G","Defend_G","Defend_G","Defend_G","Defend_G","Survivor","Neutralize","PiercingWail","Deflect+1","Footwork","Acrobatics","Glass Knife+1"],"relics":["Ring of the Snake","Blood Vial","MealTicket"],"potions_floor_usage":[10,10],"damage_taken":[{"damage":4,"enemies":"Jaw Worm","floor":1,"turns":5},{"damage":1,"enemies":"2 Louse","floor":3,"turns":5},{"damage":2,"enemies":"Small Slimes","floor":4,"turns":5},{"damage":5,"enemies":"Exordium Thugs","floor":5,"turns":6},{"damage":18,"enemies":"Lagavulin","floor":10,"turns":13}],"seed_played":"-8435016654341514991","potions_obtained":[{"floor":1,"key":"FearPotion"},{"floor":4,"key":"DuplicationPotion"},{"floor":5,"key":"Ancient Potion"}],"is_trial":false,"path_per_floor":["M","?","M","M","M","R","$","R","T","E"],"character_chosen":"THE_SILENT","basemod:card_modifiers":[null,null,null,null,null,null,null,null,null,null,null,null,null,null,null,null,null,null],"items_purchased":["Glass Knife"],"campfire_rested":0,"item_purchase_floors":[7],"current_hp_per_floor":[57,46,47,47,44,44,44,44,44,28],"gold":70,"neow_bonus":"RANDOM_COMMON_RELIC","is_prod":false,"is_daily":false,"chose_seed":false,"campfire_upgraded":2,"win_rate":0,"timestamp":1680376908,"path_taken":["M","?","M","M","M","R","$","R","T","E"],"build_version":"2022-12-18","purchased_purges":0,"victory":false,"max_hp_per_floor":[66,66,66,66,66,66,66,66,66,66],"card_choices":[{"not_picked":["Distraction","Sucker Punch"],"picked":"PiercingWail","floor":1},{"not_picked":["Flying Knee","Dagger Spray"],"picked":"Deflect","floor":3},{"not_picked":["Acrobatics","Concentrate"],"picked":"Footwork","floor":4},{"not_picked":["Escape Plan","Endless Agony"],"picked":"Acrobatics","floor":5}],"player_experience":1368084,"relics_obtained":[{"floor":9,"key":"MealTicket"}],"event_choices":[{"damage_healed":0,"gold_gain":75,"player_choice":"Gather Gold","damage_taken":11,"max_hp_gain":0,"max_hp_loss":0,"event_name":"World of Goop","floor":2,"gold_loss":0}],"is_beta":false,"boss_relics":[],"items_purged_floors":[],"is_endless":false,"potions_floor_spawned":[1,4,5],"killed_by":"Lagavulin","ascension_level":20}