{"gold_per_floor":[112,58,58,58,70,98,112,127,151,151,46,66,66,82,82,187,187,203,77,146,159,172,204,219,248,248,248,248,264,264,278,278,377,377,396,346,359,376,391,391,424,424,479,479,479],"floor_reached":45,"playtime":1808,"items_purged":["Dualcast","Strike_B"],"score":514,"play_id":"0beec19e-9501-4a82-a286-0ba0272aa88e","local_time":"20230509172711","is_ascension_mode":false,"campfire_choices":[{"data":"Hyperbeam","floor":10,"key":"SMITH"},{"floor":15,"key":"REST"},{"floor":32,"key":"REST"},{"data":"Reboot","floor":40,"key":"SMITH"},{"data":"Leap","floor":42,"key":"SMITH"},{"data":"Echo Form","floor":44,"key":"SMITH"}],"neow_cost":"NONE","seed_source_timestamp":425987663431600,"circlet_count":0,"master_deck":["Strike_B","Strike_B","Strike_B","Defend_B","Defend_B","Defend_B","Defend_B","Hyperbeam+1","Gash","Gash","Conserve Battery","Gash","Melter","Skim","FTL","Echo Form+1","Rebound+1","Gash","Steam","Leap+1","Gash","Reinforced Body","Hologram","Stack+1","Reboot+1","Leap+1","Turbo"],"relics":["Cracked Core","Akabeko","Nunchaku","Centennial Puzzle","InkBottle","Philosopher\u0027s Stone","Question Card","Pantograph","Smiling Mask","Molten Egg 2","Blood Vial","Nuclear Battery","Anchor","DataDisk"],"potions_floor_usage":[15,23,23,27,27,31,33,33,39,41,41,45],"damage_taken":[{"damage":6,"enemies":"Jaw Worm","floor":1,"turns":3},{"damage":0,"enemies":"Small Slimes","floor":5,"turns":1},{"damage":23,"enemies":"Lagavulin","floor":6,"turns":6},{"damage":0,"enemies":"2 Louse","floor":7,"turns":2},{"damage":11,"enemies":"Lots of Slimes","floor":8,"turns":2},{"damage":3,"enemies":"Exordium Thugs","floor":12,"turns":3},{"damage":0,"enemies":"Exordium Wildlife","floor":14,"turns":2},{"damage":22,"enemies":"Slime Boss","floor":16,"turns":7},{"damage":3,"enemies":"3 Byrds","floor":18,"turns":3},{"damage":11,"enemies":"2 Thieves","floor":21,"turns":2},{"damage":6,"enemies":"Centurion and Healer","floor":22,"turns":3},{"damage":1,"enemies":"Slavers","floor":23,"turns":3},{"damage":21,"enemies":"Sentry and Sphere","floor":24,"turns":4},{"damage":23,"enemies":"Book of Stabbing","floor":25,"turns":4},{"damage":0,"enemies":"Snecko","floor":27,"turns":3},{"damage":2,"enemies":"Centurion and Healer","floor":29,"turns":3},{"damage":8,"enemies":"3 Cultists","floor":31,"turns":3},{"damage":32,"enemies":"Collector","floor":33,"turns":7},{"damage":13,"enemies":"3 Darklings","floor":35,"turns":3},{"damage":0,"enemies":"Orb Walker","floor":37,"turns":3},{"damage":9,"enemies":"Spire Growth","floor":38,"turns":5},{"damage":0,"enemies":"Transient","floor":39,"turns":5},{"damage":5,"enemies":"Reptomancer","floor":41,"turns":4},{"damage":80,"enemies":"Giant Head","floor":45,"turns":9}],"seed_played":"3621594254540687619","potions_obtained":[{"floor":1,"key":"SmokeBomb"},{"floor":8,"key":"Fruit Juice"},{"floor":14,"key":"SpeedPotion"},{"floor":16,"key":"Dexterity Potion"},{"floor":25,"key":"AttackPotion"},{"floor":30,"key":"Regen Potion"},{"floor":30,"key":"Block Potion"},{"floor":30,"key":"Ancient Potion"},{"floor":31,"key":"Energy Potion"},{"floor":35,"key":"FearPotion"},{"floor":37,"key":"Energy Potion"},{"floor":41,"key":"SkillPotion"}],"is_trial":false,"path_per_floor":["M","$","?","?","M","E","M","M","T","R","?","M","T","M","R","B",null,"M","$","T","M","M","E","M","E","T","M","T","M","?","M","R","B",null,"M","$","M","M","M","R","E","R","T","R","E"],"character_chosen":"DEFECT","basemod:card_modifiers":[null,null,null,null,null,null,null,null,null,null,null,[{"classname":"CardAugments.cardmods.common.StickyMod","priority":0}],null,null,null,null,null,null,[{"classname":"CardAugments.cardmods.common.GritMod","priority":0}],null,null,null,null,null,null,null,null],"items_purchased":["Gash","Gash"],"campfire_rested":2,"item_purchase_floors":[2,19],"current_hp_per_floor":[69,69,74,67,67,44,44,33,33,33,33,30,30,30,59,37,85,82,82,82,71,65,64,43,20,20,20,20,20,20,23,48,43,85,72,72,74,67,69,69,66,66,66,66,0],"gold":479,"neow_bonus":"ONE_RANDOM_RARE_CARD","is_prod":false,"is_daily":false,"chose_seed":false,"campfire_upgraded":4,"win_rate":0,"timestamp":1683667631,"path_taken":["M","$","?","?","M","E","M","M","T","R","?","?","?","M","R","BOSS","M","?","?","M","M","E","M","E","T","M","?","M","?","M","R","BOSS","M","$","M","M","M","R","E","R","T","R","E"],"build_version":"2022-12-18","purchased_purges":2,"victory":false,"max_hp_per_floor":[75,75,80,80,80,80,80,80,80,80,80,80,80,80,85,85,85,85,85,85,85,85,85,85,85,85,85,85,85,85,85,85,85,85,85,85,85,85,85,85,85,85,85,85,85],"card_choices":[{"not_picked":["Force Field","Coolheaded"],"picked":"Gash","floor":1},{"not_picked":["Compile Driver","Loop"],"picked":"Conserve Battery","floor":5},{"not_picked":["Redo","Creative AI"],"picked":"Gash","floor":6},{"not_picked":["Ball Lightning","Lockon","Conserve Battery"],"picked":"SKIP","floor":7},{"not_picked":["Turbo","Barrage"],"picked":"Melter","floor":8},{"not_picked":["Barrage","Genetic Algorithm"],"picked":"Skim","floor":12},{"not_picked":["Auto Shields","Coolheaded"],"picked":"FTL","floor":14},{"not_picked":["Buffer","Biased Cognition"],"picked":"Echo Form","floor":16},{"not_picked":["Rip and Tear","Rebound+1","Beam Cell"],"picked":"SKIP","floor":18},{"not_picked":["Rip and Tear","Beam Cell"],"picked":"Rebound+1","floor":18},{"not_picked":["Barrage","Loop","Doom and Gloom"],"picked":"Steam","floor":21},{"not_picked":["Skim","Hologram","Coolheaded"],"picked":"Leap","floor":22},{"not_picked":["Coolheaded","Ball Lightning+1","White Noise+1"],"picked":"Gash","floor":23},{"not_picked":["Cold Snap","Go for the Eyes","Consume"],"picked":"Reinforced Body","floor":24},{"not_picked":["Turbo","Meteor Strike","Steam"],"picked":"Hologram","floor":25},{"not_picked":["Glacier","Steam Power","Reinforced Body","Go for the Eyes+1"],"picked":"SKIP","floor":29},{"not_picked":["Rip and Tear+1","Steam","Lockon+1"],"picked":"Stack+1","floor":31},{"not_picked":["Electrodynamics","Biased Cognition","Fission"],"picked":"Reboot","floor":33},{"not_picked":["Ball Lightning+1","Conserve Battery+1","Double Energy"],"picked":"Leap+1","floor":35},{"not_picked":["Barrage+1","Storm","Gash+1","White Noise+1"],"picked":"SKIP","floor":37},{"not_picked":["Barrage+1","Storm","Gash+1","White Noise+1"],"picked":"SKIP","floor":37},{"not_picked":["Barrage+1","Thunder Strike+1","Doom and Gloom+1","Cold Snap+1"],"picked":"SKIP","floor":38},{"not_picked":["Cold Snap+1","Rip and Tear+1","Compile Driver+1","Ball Lightning+1"],"picked":"SKIP","floor":39},{"not_picked":["Creative AI","Beam Cell+1","Defragment+1"],"picked":"Turbo","floor":41}],"player_experience":1450126,"relics_obtained":[{"floor":6,"key":"Akabeko"},{"floor":9,"key":"Nunchaku"},{"floor":13,"key":"InkBottle"},{"floor":20,"key":"Question Card"},{"floor":23,"key":"Pantograph"},{"floor":25,"key":"Smiling Mask"},{"floor":26,"key":"Molten Egg 2"},{"floor":28,"key":"Blood Vial"},{"floor":41,"key":"Anchor"},{"floor":43,"key":"DataDisk"}],"event_choices":[{"damage_healed":0,"gold_gain":0,"player_choice":"Donut","damage_taken":0,"max_hp_gain":5,"max_hp_loss":0,"event_name":"Big Fish","floor":3,"gold_loss":0},{"cards_removed":["Zap"],"damage_healed":0,"gold_gain":0,"player_choice":"Card Removal","damage_taken":7,"max_hp_gain":0,"max_hp_loss":0,"event_name":"Golden Wing","floor":4,"gold_loss":0},{"damage_healed":0,"gold_gain":0,"player_choice":"Paid Gold","damage_taken":0,"relics_obtained":["Centennial Puzzle"],"max_hp_gain":0,"max_hp_loss":0,"event_name":"WeMeetAgain","floor":11,"gold_loss":105},{"damage_healed":0,"gold_gain":0,"player_choice":"Got Potions","damage_taken":0,"max_hp_gain":0,"max_hp_loss":0,"event_name":"Lab","floor":30,"gold_loss":0}],"is_beta":false,"boss_relics":[{"not_picked":["Cursed Key","Runic Pyramid"],"picked":"Philosopher\u0027s Stone"},{"not_picked":["Tiny House","FrozenCore"],"picked":"Nuclear Battery"}],"items_purged_floors":[19,36],"is_endless":false,"potions_floor_spawned":[1,8,14,16,21,25,27,31,35,37,41],"killed_by":"Giant Head","ascension_level":0}