{"gold_per_floor":[359,359,33,33,46,78,78,104,127,127,127,27,27,38,38,137,137,150,150,165,175,193,227,227,427,427,8,8,38,38,50,50,148,148,158,203,219,219,219,219,252,101,101,151,151,180,180,197,197,197],"floor_reached":51,"playtime":1989,"items_purged":["Strike_R","Defend_R","Defend_R"],"score":822,"play_id":"cca028ea-5d24-4966-b46d-393c3f357459","local_time":"20230508204543","is_ascension_mode":false,"campfire_choices":[{"floor":7,"key":"REST"},{"floor":10,"key":"REST"},{"data":"Blood for Blood","floor":15,"key":"SMITH"},{"data":"Brutality","floor":24,"key":"SMITH"},{"data":"Rupture","floor":32,"key":"SMITH"},{"data":"Limit Break","floor":40,"key":"SMITH"},{"data":"Shrug It Off","floor":45,"key":"SMITH"},{"data":"Flame Barrier","floor":47,"key":"SMITH"},{"data":"Spot Weakness","floor":49,"key":"SMITH"}],"neow_cost":"PERCENT_DAMAGE","seed_source_timestamp":351321603801500,"circlet_count":0,"master_deck":["Strike_R","Defend_R","Defend_R","Bash","Thunderclap","Spot Weakness+1","Blood for Blood+1","Dark Shackles","Cleave","Inflame","Shockwave","Brutality+1","Blood for Blood+1","Pummel+1","Intimidate","Flame Barrier+1","Shrug It Off+1","Rupture+1","Limit Break+1","True Grit+1","Warcry+1","Writhe"],"relics":["Burning Blood","Ancient Tea Set","InkBottle","MealTicket","Red Skull","Runic Cube","Vajra","Ginger","Champion Belt","Blood Vial","Philosopher\u0027s Stone","Prayer Wheel","Boot","Brimstone","Meat on the Bone","StoneCalendar","Oddly Smooth Stone"],"potions_floor_usage":[6,16,20,21,33,33,41,41,50],"damage_taken":[{"damage":2,"enemies":"2 Louse","floor":1,"turns":4},{"damage":15,"enemies":"Jaw Worm","floor":5,"turns":4},{"damage":26,"enemies":"Lagavulin","floor":6,"turns":7},{"damage":31,"enemies":"Gremlin Nob","floor":8,"turns":5},{"damage":5,"enemies":"Small Slimes","floor":14,"turns":2},{"damage":31,"enemies":"Slime Boss","floor":16,"turns":8},{"damage":21,"enemies":"3 Byrds","floor":18,"turns":4},{"damage":13,"enemies":"Shell Parasite","floor":20,"turns":4},{"damage":20,"enemies":"Cultist and Chosen","floor":21,"turns":5},{"damage":16,"enemies":"Centurion and Healer","floor":22,"turns":4},{"damage":5,"enemies":"Gremlin Leader","floor":23,"turns":3},{"damage":25,"enemies":"Book of Stabbing","floor":29,"turns":3},{"damage":3,"enemies":"Snecko","floor":31,"turns":4},{"damage":22,"enemies":"Automaton","floor":33,"turns":5},{"damage":21,"enemies":"3 Darklings","floor":35,"turns":3},{"damage":39,"enemies":"2 Orb Walkers","floor":36,"turns":4},{"damage":2,"enemies":"Orb Walker","floor":37,"turns":2},{"damage":4,"enemies":"Reptomancer","floor":41,"turns":5},{"damage":3,"enemies":"Mind Bloom Boss Battle","floor":44,"turns":4},{"damage":8,"enemies":"Nemesis","floor":46,"turns":5},{"damage":7,"enemies":"3 Darklings","floor":48,"turns":4},{"damage":53,"enemies":"Awakened One","floor":50,"turns":5}],"seed_played":"6510461743109816533","potions_obtained":[{"floor":5,"key":"Energy Potion"},{"floor":8,"key":"SpeedPotion"},{"floor":14,"key":"Block Potion"},{"floor":20,"key":"Weak Potion"},{"floor":23,"key":"LiquidBronze"},{"floor":29,"key":"PowerPotion"},{"floor":36,"key":"ColorlessPotion"},{"floor":37,"key":"Dexterity Potion"},{"floor":46,"key":"Ancient Potion"}],"is_trial":false,"path_per_floor":["M","?","$","?","M","E","R","E","T","R","?","$","?","M","R","B",null,"M","?","M","M","M","E","R","?","T","$","?","E","$","M","R","B",null,"M","?","M","?","?","R","E","$","T","?","R","E","R","M","R","B",null],"character_chosen":"IRONCLAD","basemod:card_modifiers":[null,null,null,null,null,null,null,null,null,null,null,null,null,null,null,null,null,null,null,null,null,null],"items_purchased":["Spot Weakness","Blood for Blood","Dark Shackles","Champion Belt","Brimstone"],"campfire_rested":2,"item_purchase_floors":[3,3,3,27,42],"current_hp_per_floor":[60,42,42,42,33,13,37,12,12,36,36,51,51,52,52,27,80,65,65,58,44,34,35,35,35,35,50,50,31,46,51,51,37,80,65,34,40,60,60,60,64,79,79,80,80,78,78,79,79,45],"gold":197,"neow_bonus":"TWO_FIFTY_GOLD","is_prod":false,"is_daily":false,"chose_seed":false,"campfire_upgraded":7,"win_rate":0,"timestamp":1683593143,"path_taken":["M","?","$","?","M","E","R","E","T","R","?","$","?","M","R","BOSS","M","?","M","?","M","E","R","?","T","$","?","E","$","M","R","BOSS","M","?","M","?","?","R","E","$","T","?","R","E","R","M","R","BOSS"],"build_version":"2022-12-18","purchased_purges":3,"victory":true,"max_hp_per_floor":[80,80,80,80,80,80,80,80,80,80,80,80,80,80,80,80,80,80,80,80,80,80,80,80,80,80,80,80,80,80,80,80,80,80,80,80,80,80,80,80,80,80,80,80,80,80,80,80,80,80],"card_choices":[{"not_picked":["Pommel Strike","Feel No Pain"],"picked":"Thunderclap","floor":1},{"not_picked":["Flex","Thunderclap"],"picked":"Cleave","floor":5},{"not_picked":["Whirlwind","Feel No Pain"],"picked":"Inflame","floor":6},{"not_picked":["Pommel Strike","Flex"],"picked":"Shockwave","floor":8},{"not_picked":["Sever Soul","Searing Blow"],"picked":"Blood for Blood","floor":14},{"not_picked":["Thunderclap","Carnage"],"picked":"Pummel+1","floor":18},{"not_picked":["Carnage","Armaments","Clothesline+1"],"picked":"SKIP","floor":20},{"not_picked":["Cleave+1","Wild Strike"],"picked":"Intimidate","floor":21},{"not_picked":["Wild Strike","Fire Breathing","Inflame"],"picked":"SKIP","floor":22},{"not_picked":["Armaments","Perfected Strike"],"picked":"Flame Barrier","floor":23},{"not_picked":["Searing Blow","Thunderclap"],"picked":"Shrug It Off","floor":29},{"not_picked":["Metallicize","Pommel Strike+1"],"picked":"Rupture","floor":31},{"not_picked":["Berserk","Double Tap"],"picked":"Limit Break","floor":33},{"not_picked":["Burning Pact","Havoc","Rampage"],"picked":"SKIP","floor":35},{"not_picked":["Warcry+1","Sword Boomerang+1"],"picked":"True Grit+1","floor":36},{"not_picked":["True Grit","Warcry+1","Second Wind"],"picked":"SKIP","floor":37},{"not_picked":["Shockwave+1","Pummel+1","Warcry+1"],"picked":"SKIP","floor":37},{"not_picked":["True Grit","Second Wind"],"picked":"Warcry+1","floor":37},{"not_picked":["Shockwave+1","Pummel+1"],"picked":"Warcry+1","floor":37},{"not_picked":["Bloodletting+1","Sword Boomerang","Burning Pact+1"],"picked":"SKIP","floor":41},{"not_picked":["Feed","Uppercut","Twin Strike"],"picked":"SKIP","floor":46},{"not_picked":["Fire Breathing","Iron Wave","Cleave+1"],"picked":"SKIP","floor":48},{"not_picked":["Carnage","Perfected Strike+1","Anger+1"],"picked":"SKIP","floor":48}],"player_experience":1448137,"relics_obtained":[{"floor":6,"key":"InkBottle"},{"floor":8,"key":"MealTicket"},{"floor":9,"key":"Red Skull"},{"floor":23,"key":"Vajra"},{"floor":26,"key":"Ginger"},{"floor":29,"key":"Blood Vial"},{"floor":36,"key":"Prayer Wheel"},{"floor":41,"key":"Boot"},{"floor":43,"key":"Meat on the Bone"},{"floor":44,"key":"StoneCalendar"},{"floor":46,"key":"Oddly Smooth Stone"}],"event_choices":[{"damage_healed":0,"gold_gain":0,"player_choice":"Success","damage_taken":18,"relics_obtained":["Ancient Tea Set"],"max_hp_gain":0,"max_hp_loss":0,"event_name":"Scrap Ooze","floor":2,"gold_loss":0},{"damage_healed":0,"gold_gain":0,"player_choice":"Ignored","damage_taken":0,"max_hp_gain":0,"max_hp_loss":0,"event_name":"Liars Game","floor":4,"gold_loss":0},{"damage_healed":0,"gold_gain":0,"cards_transformed":["Strike_R"],"player_choice":"Change","damage_taken":0,"max_hp_gain":0,"max_hp_loss":0,"event_name":"Living Wall","floor":11,"gold_loss":0,"cards_obtained":["Brutality"]},{"damage_healed":0,"gold_gain":0,"player_choice":"Upgraded","damage_taken":0,"max_hp_gain":0,"max_hp_loss":0,"event_name":"Upgrade Shrine","floor":13,"gold_loss":0,"cards_upgraded":["Blood for Blood"]},{"cards_removed":["Strike_R"],"damage_healed":0,"gold_gain":0,"player_choice":"Purged","damage_taken":0,"max_hp_gain":0,"max_hp_loss":0,"event_name":"Purifier","floor":19,"gold_loss":0},{"damage_healed":0,"gold_gain":250,"player_choice":"Bet on Owner","damage_taken":0,"max_hp_gain":0,"max_hp_loss":0,"event_name":"The Joust","floor":25,"gold_loss":50},{"cards_removed":["Strike_R"],"damage_healed":0,"gold_gain":0,"player_choice":"Offered Basic","damage_taken":0,"max_hp_gain":0,"max_hp_loss":0,"event_name":"Bonfire Elementals","floor":28,"gold_loss":0},{"damage_healed":0,"gold_gain":0,"player_choice":"Fight","damage_taken":0,"max_hp_gain":0,"max_hp_loss":0,"event_name":"Mysterious Sphere","floor":36,"gold_loss":0},{"damage_healed":20,"gold_gain":0,"player_choice":"Writhe","damage_taken":0,"max_hp_gain":0,"max_hp_loss":0,"event_name":"Winding Halls","floor":38,"gold_loss":0,"cards_obtained":["Writhe"]},{"cards_removed":["Warcry"],"damage_healed":0,"gold_gain":0,"player_choice":"Removed Skill","damage_taken":0,"max_hp_gain":0,"max_hp_loss":0,"event_name":"Falling","floor":39,"gold_loss":0},{"damage_healed":0,"gold_gain":0,"player_choice":"Fight","damage_taken":0,"max_hp_gain":0,"max_hp_loss":0,"event_name":"MindBloom","floor":44,"gold_loss":0}],"is_beta":false,"boss_relics":[{"not_picked":["Runic Pyramid","Cursed Key"],"picked":"Runic Cube"},{"not_picked":["Velvet Choker","SacredBark"],"picked":"Philosopher\u0027s Stone"}],"items_purged_floors":[3,12,27],"is_endless":false,"potions_floor_spawned":[5,8,14,20,23,29,36,37,46],"ascension_level":0}