{"gold_per_floor":[112,6,19,37,2,2,12,12,39,70,70,101,4,15,15,112,112,130,55,1,1,21,54,70,101,155,173,190,215,215,215,215,320,320,340,340,356,368,387,420,420,437,437,472,133,148,180,180,180,180],"floor_reached":51,"playtime":10560,"items_purged":["Defend_R","Strike_R"],"score":1071,"play_id":"a12117cd-80c9-446f-ae11-3764c474b4b2","local_time":"20230515170845","is_ascension_mode":true,"campfire_choices":[{"data":"True Grit","floor":6.0,"key":"SMITH"},{"data":"Dark Embrace","floor":8.0,"key":"SMITH"},{"floor":15.0,"key":"REST"},{"floor":32.0,"key":"REST"},{"data":"Feel No Pain","floor":41,"key":"SMITH"},{"floor":49,"key":"REST"}],"neow_cost":"TEN_PERCENT_HP_LOSS","seed_source_timestamp":260583472256100,"circlet_count":0,"master_deck":["Strike_R+1","Defend_R+1","Bash+1","True Grit+1","Dark Embrace+1","Sever Soul+1","Combust+1","Blood for Blood+1","Double Tap+1","Purity+1","Feel No Pain+1","Power Through+1","Evolve+1","Shrug It Off+1","Second Wind+1","Feed+1","Shrug It Off+1","Body Slam+1","Demon Form+1","Corruption+1","Rage+1","Pummel+1","Ghostly Armor+1","Fiend Fire+1","Immolate+1","Rampage+1","Warcry+1","Juggernaut+1","Battle Trance+1","Body Slam+1"],"special_seed":0,"relics":["Burning Blood","PreservedInsect","Nunchaku","Torii","Snecko Eye","Art of War","Pen Nib","Dream Catcher","Potion Belt","Astrolabe","Sundial","Smiling Mask","FossilizedHelix","Thread and Needle","Omamori","Mark of the Bloom"],"potions_floor_usage":[44,44,50,50],"damage_taken":[{"damage":4.0,"enemies":"2 Louse","floor":1.0,"turns":4.0},{"damage":7.0,"enemies":"Small Slimes","floor":3.0,"turns":7.0},{"damage":10.0,"enemies":"Cultist","floor":4.0,"turns":6.0},{"damage":13.0,"enemies":"Blue Slaver","floor":7.0,"turns":5.0},{"damage":39.0,"enemies":"3 Sentries","floor":10.0,"turns":5.0},{"damage":20.0,"enemies":"Lagavulin","floor":12.0,"turns":6.0},{"damage":10.0,"enemies":"Lots of Slimes","floor":14.0,"turns":5.0},{"damage":37.0,"enemies":"Slime Boss","floor":16.0,"turns":5.0},{"damage":5.0,"enemies":"Chosen","floor":18.0,"turns":5.0},{"damage":2.0,"enemies":"2 Thieves","floor":22.0,"turns":5.0},{"damage":44.0,"enemies":"Gremlin Leader","floor":23.0,"turns":9.0},{"damage":1.0,"enemies":"Centurion and Healer","floor":24.0,"turns":5.0},{"damage":1.0,"enemies":"Slavers","floor":25.0,"turns":5.0},{"damage":0.0,"enemies":"Snake Plant","floor":27.0,"turns":3.0},{"damage":1.0,"enemies":"Sentry and Sphere","floor":28.0,"turns":4.0},{"damage":8.0,"enemies":"Book of Stabbing","floor":29.0,"turns":4.0},{"damage":17.0,"enemies":"Champ","floor":33.0,"turns":8.0},{"damage":0.0,"enemies":"Orb Walker","floor":35.0,"turns":2.0},{"damage":9.0,"enemies":"3 Darklings","floor":37.0,"turns":4.0},{"damage":13.0,"enemies":"Spire Growth","floor":38.0,"turns":4.0},{"damage":1,"enemies":"Writhing Mass","floor":39,"turns":5},{"damage":4,"enemies":"Nemesis","floor":40,"turns":5},{"damage":0,"enemies":"Transient","floor":42,"turns":5},{"damage":0,"enemies":"Reptomancer","floor":44,"turns":2},{"damage":0,"enemies":"Spire Growth","floor":46,"turns":3},{"damage":2,"enemies":"Nemesis","floor":47,"turns":4},{"damage":13,"enemies":"Awakened One","floor":50,"turns":5}],"seed_played":"5007269026455153776","potions_obtained":[{"floor":7.0,"key":"FairyPotion"},{"floor":10.0,"key":"BlessingOfTheForge"},{"floor":12.0,"key":"SpeedPotion"},{"floor":14.0,"key":"SpeedPotion"},{"floor":22.0,"key":"DistilledChaos"},{"floor":24.0,"key":"SkillPotion"},{"floor":28.0,"key":"PowerPotion"},{"floor":29.0,"key":"DistilledChaos"},{"floor":33.0,"key":"AttackPotion"},{"floor":37.0,"key":"LiquidMemories"},{"floor":39,"key":"SpeedPotion"},{"floor":40,"key":"FearPotion"},{"floor":44,"key":"Swift Potion"},{"floor":47,"key":"Energy Potion"}],"is_trial":false,"path_per_floor":["M","$","M","M","?","R","M","R","T","E","?","E","$","M","R","B",null,"M","$","$","?","M","E","M","E","T","M","M","E","?","?","R","B",null,"M","?","M","M","M","E","R","M","T","E","$","M","E","?","R","B",null],"character_chosen":"IRONCLAD","basemod:card_modifiers":[null,null,null,null,null,null,null,null,null,null,null,null,null,null,null,null,null,null,null,null,null,null,null,null,null,null,null,null,null,null],"items_purchased":["Dark Embrace","Sever Soul","Evolve","Shrug It Off","Body Slam","Thread and Needle"],"campfire_rested":3,"item_purchase_floors":[2,2,13,13,20,45],"current_hp_per_floor":[72,72,71,67,72,72,65,65,65,32,32,18,18,14,35,25,60,64,64,64,64,68,30,38,43,43,49,54,52,52,37,61,50,75,81,81,78,71,79,81,81,86,86,86,86,86,86,86,86,73],"gold":180,"neow_bonus":"REMOVE_TWO","is_prod":false,"is_daily":false,"chose_seed":false,"campfire_upgraded":3,"win_rate":0,"timestamp":1684184925,"path_taken":["M","$","M","M","?","R","M","R","T","E","?","E","$","M","R","BOSS","M","?","$","?","M","E","M","E","T","M","?","E","?","?","R","BOSS","M","?","M","?","M","E","R","M","T","E","$","M","E","?","R","BOSS"],"build_version":"2022-12-18","purchased_purges":2,"victory":true,"max_hp_per_floor":[72,72,72,72,72,72,72,72,72,72,72,72,72,72,72,72,72,75,75,75,75,75,75,78,78,78,78,78,78,78,83,83,83,83,83,83,83,83,86,86,86,86,86,86,86,86,86,86,86,90],"card_choices":[{"not_picked":["Seeing Red","Havoc"],"picked":"True Grit","floor":1.0},{"not_picked":["Fire Breathing","Pummel"],"picked":"Combust","floor":3.0},{"not_picked":["Clothesline","Reckless Charge"],"picked":"Blood for Blood","floor":4.0},{"not_picked":["Armaments","Sword Boomerang","Pommel Strike"],"picked":"SKIP","floor":7.0},{"not_picked":["Sword Boomerang","Sever Soul"],"picked":"Double Tap","floor":10.0},{"not_picked":["Anger","Pommel Strike"],"picked":"Power Through","floor":12.0},{"not_picked":["Bloodletting","Sentinel"],"picked":"Second Wind","floor":14.0},{"not_picked":["Limit Break","Brutality"],"picked":"Feed","floor":16.0},{"not_picked":["Heavy Blade","Clothesline"],"picked":"Shrug It Off","floor":18.0},{"not_picked":["Wild Strike","Flex","Cleave"],"picked":"SKIP","floor":22.0},{"not_picked":["Twin Strike","Warcry"],"picked":"Corruption","floor":23.0},{"not_picked":["Warcry","Heavy Blade"],"picked":"Rage","floor":24.0},{"not_picked":["Dual Wield+1","Evolve"],"picked":"Pummel","floor":25.0},{"not_picked":["Whirlwind","Shrug It Off"],"picked":"Ghostly Armor+1","floor":27.0},{"not_picked":["Perfected Strike+1","True Grit+1","Shrug It Off+1"],"picked":"SKIP","floor":28.0},{"not_picked":["Shockwave","Wild Strike"],"picked":"Fiend Fire","floor":29.0},{"not_picked":["Double Tap","Impervious"],"picked":"Immolate","floor":33.0},{"not_picked":["Perfected Strike","Inflame"],"picked":"Battle Trance+1","floor":35.0},{"not_picked":["Whirlwind","Dual Wield","Dropkick+1"],"picked":"SKIP","floor":37.0},{"not_picked":["Sword Boomerang","Iron Wave","Flame Barrier+1"],"picked":"SKIP","floor":38.0},{"not_picked":["Battle Trance+1","Dark Embrace+1","Heavy Blade+1"],"picked":"SKIP","floor":39},{"not_picked":["Anger+1","Entrench+1","Twin Strike+1"],"picked":"SKIP","floor":40},{"not_picked":["Clash+1","Evolve"],"picked":"Body Slam+1","floor":42},{"not_picked":["Rupture","Blood for Blood","Reckless Charge+1"],"picked":"SKIP","floor":44},{"not_picked":["Twin Strike+1","Flex","Armaments"],"picked":"SKIP","floor":46},{"not_picked":["Warcry+1","Carnage+1","Inflame"],"picked":"SKIP","floor":47}],"player_experience":1416229,"relics_obtained":[{"floor":9.0,"key":"PreservedInsect"},{"floor":10.0,"key":"Nunchaku"},{"floor":12.0,"key":"Torii"},{"floor":23.0,"key":"Art of War"},{"floor":25.0,"key":"Pen Nib"},{"floor":26.0,"key":"Dream Catcher"},{"floor":29.0,"key":"Potion Belt"},{"floor":40,"key":"Sundial"},{"floor":43,"key":"Smiling Mask"},{"floor":44,"key":"FossilizedHelix"},{"floor":47,"key":"Omamori"}],"event_choices":[{"damage_healed":18.0,"max_hp_gain":0.0,"max_hp_loss":0.0,"gold_gain":0.0,"event_name":"The Cleric","player_choice":"Healed","floor":5.0,"gold_loss":35.0,"damage_taken":0.0},{"damage_healed":0.0,"max_hp_gain":0.0,"max_hp_loss":0.0,"gold_gain":0.0,"event_name":"Match and Keep!","player_choice":"2 cards matched","floor":11.0,"gold_loss":0.0,"damage_taken":0.0,"cards_obtained":["Purity","Feel No Pain"]},{"cards_removed":["Feed"],"damage_healed":0.0,"max_hp_gain":0.0,"max_hp_loss":0.0,"gold_gain":0.0,"event_name":"betterNote:BetterNote","player_choice":"Take \u0026 Give","floor":21.0,"gold_loss":0.0,"damage_taken":0.0,"cards_obtained":["Demon Form"]},{"damage_healed":0.0,"max_hp_gain":0.0,"max_hp_loss":0.0,"gold_gain":0.0,"event_name":"The Mausoleum","player_choice":"Ignored","floor":30.0,"gold_loss":0.0,"damage_taken":0.0},{"damage_healed":0.0,"max_hp_gain":5.0,"max_hp_loss":0.0,"gold_gain":0.0,"event_name":"Forgotten Altar","player_choice":"Shed Blood","floor":31.0,"gold_loss":0.0,"damage_taken":20.0},{"damage_healed":0.0,"max_hp_gain":0.0,"max_hp_loss":0.0,"gold_gain":0.0,"event_name":"Upgrade Shrine","player_choice":"Upgraded","floor":36.0,"gold_loss":0.0,"damage_taken":0.0,"cards_upgraded":["Demon Form"]},{"damage_healed":0,"gold_gain":0,"player_choice":"Upgrade","damage_taken":0,"relics_obtained":["Mark of the Bloom"],"max_hp_gain":0,"max_hp_loss":0,"event_name":"MindBloom","floor":48,"gold_loss":0,"cards_upgraded":["Strike_R","Defend_R","Bash","Sever Soul","Combust","Blood for Blood","Double Tap","Purity","Power Through","Evolve","Shrug It Off","Second Wind","Feed","Shrug It Off","Body Slam","Corruption","Rage","Pummel","Fiend Fire","Immolate"]}],"is_beta":false,"boss_relics":[{"not_picked":["Coffee Dripper","Pandora\u0027s Box"],"picked":"Snecko Eye"},{"not_picked":["Runic Cube","Mark of Pain"],"picked":"Astrolabe"}],"items_purged_floors":[19,45],"is_endless":false,"potions_floor_spawned":[7,10,12,14,22,24,28,29,33,37,39,40,44,47],"ascension_level":5}