{"gold_per_floor":[112,123,138,155,165,190,201,201,225,258,274,238,271,289,289,387,387,375,385,22,35,54,54],"floor_reached":23,"playtime":1353,"items_purged":[],"score":299,"play_id":"e5d3c653-35d0-43ef-a955-7a4a1f1900f2","local_time":"20230515140909","is_ascension_mode":true,"campfire_choices":[{"floor":8,"key":"REST"},{"floor":15,"key":"REST"}],"neow_cost":"NONE","seed_source_timestamp":259215469496400,"circlet_count":0,"master_deck":["Strike_R","Strike_R","Defend_R","Defend_R","Defend_R","Defend_R","Bash","Sword Boomerang","Flame Barrier","Twin Strike","Spot Weakness","Shockwave","Offering","Shrug It Off","Brutality","Cleave","Impervious","Limit Break","Blood for Blood+1","Evolve+1","Feed+1","Body Slam","Impervious","Second Wind","Seeing Red+1"],"relics":["Burning Blood","Kunai","MealTicket","Pantograph","Pen Nib","Astrolabe","Self Forming Clay"],"potions_floor_usage":[6,10,13,14,16],"damage_taken":[{"damage":1,"enemies":"Cultist","floor":1,"turns":4},{"damage":6,"enemies":"Small Slimes","floor":2,"turns":5},{"damage":7,"enemies":"Jaw Worm","floor":3,"turns":3},{"damage":9,"enemies":"Red Slaver","floor":4,"turns":4},{"damage":7,"enemies":"Large Slime","floor":5,"turns":6},{"damage":38,"enemies":"3 Sentries","floor":6,"turns":5},{"damage":12,"enemies":"Looter","floor":7,"turns":4},{"damage":14,"enemies":"Lagavulin","floor":10,"turns":5},{"damage":6,"enemies":"Blue Slaver","floor":11,"turns":3},{"damage":7,"enemies":"Gremlin Nob","floor":13,"turns":3},{"damage":29,"enemies":"Exordium Thugs","floor":14,"turns":5},{"damage":43,"enemies":"Hexaghost","floor":16,"turns":8},{"damage":37,"enemies":"2 Thieves","floor":18,"turns":4},{"damage":17,"enemies":"Chosen","floor":19,"turns":5},{"damage":27,"enemies":"Centurion and Healer","floor":21,"turns":4},{"damage":21,"enemies":"Cultist and Chosen","floor":22,"turns":7},{"damage":63,"enemies":"Gremlin Leader","floor":23,"turns":6}],"seed_played":"8122810396778737887","potions_obtained":[{"floor":2,"key":"FairyPotion"},{"floor":4,"key":"Strength Potion"},{"floor":6,"key":"SkillPotion"},{"floor":11,"key":"AttackPotion"},{"floor":13,"key":"SkillPotion"},{"floor":14,"key":"SkillPotion"},{"floor":21,"key":"Ancient Potion"}],"is_trial":false,"path_per_floor":["M","M","M","M","M","E","M","R","T","E","M","?","E","M","R","B",null,"M","M","$","M","M","E"],"character_chosen":"IRONCLAD","basemod:card_modifiers":[null,null,null,null,null,null,null,null,null,null,null,null,null,null,null,null,null,null,null,null,null,null,null,null,null],"items_purchased":["Body Slam","Self Forming Clay","Impervious"],"campfire_rested":2,"item_purchase_floors":[20,20,20],"current_hp_per_floor":[88,88,87,84,83,51,45,71,71,63,63,63,62,39,65,51,79,48,41,56,39,28,0],"gold":54,"neow_bonus":"TEN_PERCENT_HP_BONUS","is_prod":false,"is_daily":false,"chose_seed":false,"campfire_upgraded":0,"win_rate":0,"timestamp":1684174149,"path_taken":["M","M","M","M","M","E","M","R","T","E","M","?","E","M","R","BOSS","M","M","$","M","M","E"],"build_version":"2022-12-18","purchased_purges":0,"victory":false,"max_hp_per_floor":[88,88,88,88,88,88,88,88,88,88,88,88,88,88,88,88,88,88,92,92,96,100,100],"card_choices":[{"not_picked":["Warcry","Rampage"],"picked":"Sword Boomerang","floor":1},{"not_picked":["Clothesline","Juggernaut"],"picked":"Flame Barrier","floor":2},{"not_picked":["Havoc","Power Through"],"picked":"Twin Strike","floor":3},{"not_picked":["Rampage","Uppercut"],"picked":"Spot Weakness","floor":4},{"not_picked":["Pommel Strike","Clothesline"],"picked":"Shockwave","floor":5},{"not_picked":["Twin Strike","Pommel Strike"],"picked":"Offering","floor":6},{"not_picked":["Metallicize","Warcry"],"picked":"Shrug It Off","floor":7},{"not_picked":["Bloodletting","Flex","Spot Weakness"],"picked":"SKIP","floor":10},{"not_picked":["Carnage","Pommel Strike"],"picked":"Brutality","floor":11},{"not_picked":["Headbutt","Sword Boomerang"],"picked":"Cleave","floor":13},{"not_picked":["Carnage","Wild Strike"],"picked":"Impervious","floor":14},{"not_picked":["Double Tap","Bludgeon"],"picked":"Limit Break","floor":16},{"not_picked":["Anger","Whirlwind+1","Spot Weakness"],"picked":"SKIP","floor":18},{"not_picked":["Warcry","Iron Wave","Sword Boomerang"],"picked":"SKIP","floor":19},{"not_picked":["Anger","Wild Strike"],"picked":"Second Wind","floor":21},{"not_picked":["Havoc","Pommel Strike"],"picked":"Seeing Red+1","floor":22}],"player_experience":1414876,"relics_obtained":[{"floor":6,"key":"Kunai"},{"floor":9,"key":"MealTicket"},{"floor":10,"key":"Pantograph"},{"floor":13,"key":"Pen Nib"}],"event_choices":[{"damage_healed":0,"gold_gain":0,"player_choice":"Left Gold","damage_taken":0,"max_hp_gain":0,"max_hp_loss":0,"event_name":"World of Goop","floor":12,"gold_loss":36}],"is_beta":false,"boss_relics":[{"not_picked":["Tiny House","SacredBark"],"picked":"Astrolabe"}],"items_purged_floors":[],"is_endless":false,"potions_floor_spawned":[2,4,6,11,13,14,21],"killed_by":"Gremlin Leader","ascension_level":5}