{"gold_per_floor":[110,185,185,203,203,203,49,49,49,77,77,2,17,17,17,17],"floor_reached":16,"playtime":470,"items_purged":["Strike_B"],"score":115,"play_id":"8edc307a-45d2-4548-b25e-8f7172cb42f7","local_time":"20230601204603","is_ascension_mode":true,"campfire_choices":[{"data":"Genetic Algorithm","floor":6,"key":"SMITH"},{"data":"Double Energy","floor":8,"key":"SMITH"},{"data":"Leap","floor":11,"key":"SMITH"},{"floor":15,"key":"REST"}],"neow_cost":"NONE","seed_source_timestamp":375855105807100,"circlet_count":0,"master_deck":["Strike_B","Strike_B","Defend_B","Defend_B","Defend_B","Defend_B","Zap","Dualcast","Capacitor","Doom and Gloom","Genetic Algorithm+1","Fusion","Double Energy+1","Leap+1","Coolheaded"],"relics":["Cracked Core","Bronze Scales","Bird Faced Urn","Tiny Chest"],"potions_floor_usage":[16],"damage_taken":[{"damage":4,"enemies":"Jaw Worm","floor":1,"turns":3},{"damage":2,"enemies":"Small Slimes","floor":4,"turns":3},{"damage":20,"enemies":"Lagavulin","floor":10,"turns":6},{"damage":2,"enemies":"2 Louse","floor":13,"turns":2},{"damage":32,"enemies":"The Guardian","floor":16,"turns":11}],"seed_played":"7521264237624904482","potions_obtained":[{"floor":1,"key":"Dexterity Potion"}],"is_trial":false,"path_per_floor":["M","?","?","M","?","R","$","R","T","E","R","$","M","?","R","B"],"character_chosen":"DEFECT","basemod:card_modifiers":[null,null,null,null,null,null,null,null,null,null,null,null,null,null,null],"items_purchased":["Fusion","Double Energy"],"campfire_rested":1,"item_purchase_floors":[7,7],"current_hp_per_floor":[71,60,60,58,51,51,51,51,51,31,31,31,29,4,26,0],"gold":17,"neow_bonus":"THREE_CARDS","is_prod":false,"is_daily":false,"chose_seed":false,"campfire_upgraded":3,"win_rate":0,"timestamp":1685666763,"path_taken":["M","?","?","M","?","R","$","R","T","E","R","$","M","?","R","BOSS"],"build_version":"2022-12-18","purchased_purges":1,"victory":false,"max_hp_per_floor":[75,75,75,75,75,75,75,75,75,75,75,75,75,75,75,75],"card_choices":[{"not_picked":["Go for the Eyes","Beam Cell"],"picked":"Capacitor","floor":0},{"not_picked":["Genetic Algorithm","Defragment"],"picked":"Doom and Gloom","floor":1},{"not_picked":["Steam Power","Conserve Battery"],"picked":"Genetic Algorithm","floor":4},{"not_picked":["Genetic Algorithm","Melter"],"picked":"Leap","floor":10},{"not_picked":["Streamline","Hologram"],"picked":"Coolheaded","floor":13}],"player_experience":1435666,"relics_obtained":[{"floor":9,"key":"Bronze Scales"},{"floor":10,"key":"Bird Faced Urn"}],"event_choices":[{"damage_healed":0,"gold_gain":75,"player_choice":"Gather Gold","damage_taken":11,"max_hp_gain":0,"max_hp_loss":0,"event_name":"World of Goop","floor":2,"gold_loss":0},{"damage_healed":0,"gold_gain":0,"player_choice":"Ignored","damage_taken":0,"max_hp_gain":0,"max_hp_loss":0,"event_name":"Liars Game","floor":3,"gold_loss":0},{"cards_removed":["Strike_B"],"damage_healed":0,"gold_gain":0,"player_choice":"Card Removal","damage_taken":7,"max_hp_gain":0,"max_hp_loss":0,"event_name":"Golden Wing","floor":5,"gold_loss":0},{"damage_healed":0,"gold_gain":0,"player_choice":"Success","damage_taken":25,"relics_obtained":["Tiny Chest"],"max_hp_gain":0,"max_hp_loss":0,"event_name":"Scrap Ooze","floor":14,"gold_loss":0}],"is_beta":false,"boss_relics":[],"items_purged_floors":[12],"is_endless":false,"potions_floor_spawned":[1],"killed_by":"The Guardian","ascension_level":4}