{"neow_bonuses_skipped_log":["UPGRADE_CARD","ONE_RARE_RELIC","BOSS_RELIC"],"neow_costs_skipped_log":["NONE","PERCENT_DAMAGE","NONE"],"potions_obtained_entropic_brew":[[],[],[],[],[],[],[],[],[],[],[],[],[],[],[],[],[],[],[],[],[],[],[]],"gold_per_floor":[111,71,82,39,53,53,53,53,53,53,96,119,44,64,64,147,147,128,128,28,37,51,51],"floor_reached":23,"playtime":686,"items_purged":["Defend_R","Strike_R"],"score":378,"play_id":"9782c25f-7101-4fac-b6be-2c6eaf7c5df2","local_time":"20230614194531","score_breakdown":["Floors Climbed (23): 115","Enemies Slain (7): 14","Exordium Elites Killed (1): 10","City Elites Killed (0): 0","Bosses Slain (1): 50","Ascension (20): 189"],"is_ascension_mode":true,"potions_obtained_alchemize":[[],[],[],[],[],[],[],[],[],[],[],[],[],[],[],[],[],[],[],[],[],[],[]],"campfire_choices":[{"data":"Disarm","floor":6,"key":"SMITH"},{"data":"Second Wind","floor":8,"key":"SMITH"},{"data":"Inflame","floor":10,"key":"SMITH"},{"floor":15,"key":"REST"}],"lesson_learned_per_floor":[[],[],[],[],[],[],[],[],[],[],[],[],[],[],[],[],[],[],[],[],[],[],[]],"neow_cost":"NONE","improvable_cards":{},"seed_source_timestamp":1495233284476100,"shop_contents":[{"floor":4,"relics":["Blue Candle","Ginger","Brimstone"],"cards":["Body Slam","Pummel","Dual Wield","Evolve","Jack Of All Trades","Metamorphosis"],"potions":["LiquidMemories","Regen Potion","Swift Potion"]},{"floor":13,"relics":["Art of War","Gremlin Horn","Frozen Eye"],"cards":["Searing Blow","Reaper","Flex","Havoc","Combust","Blind","Sadistic Nature"],"potions":["SkillPotion","BloodPotion","LiquidBronze"]},{"floor":20,"relics":["InkBottle","Peace Pipe","Sling"],"cards":["Reckless Charge","Cleave","Havoc","True Grit","Fire Breathing","Dramatic Entrance","Secret Technique"],"potions":["GamblersBrew","Explosive Potion","LiquidMemories"]}],"circlet_count":0,"master_deck":["AscendersBane","Strike_R","Defend_R","Defend_R","Bash","Inflame+1","Disarm+1","Flame Barrier","Second Wind+1","Metallicize","Ghostly Armor","Thunderclap","Fiend Fire","Disarm","True Grit"],"potion_use_per_floor":[[],[],[],[],[],[],[],[],[],[],["LiquidMemories"],["LiquidMemories"],[],[],[],["ElixirPotion","FairyPotion"],[],[],[],[],[],["AttackPotion"],[]],"relics":["Burning Blood","Bag of Marbles","CeramicFish","Letter Opener","Empty Cage"],"potions_floor_usage":[11,12,16,22],"damage_taken":[{"damage":7,"enemies":"Jaw Worm","floor":1,"turns":4},{"damage":1,"enemies":"Cultist","floor":3,"turns":3},{"damage":14,"enemies":"Small Slimes","floor":5,"turns":4},{"damage":41,"enemies":"Gremlin Nob","floor":11,"turns":5},{"damage":16,"enemies":"Exordium Thugs","floor":12,"turns":6},{"damage":13,"enemies":"2 Fungi Beasts","floor":14,"turns":4},{"damage":44,"enemies":"Slime Boss","floor":16,"turns":15},{"damage":16,"enemies":"2 Thieves","floor":18,"turns":4},{"damage":0,"enemies":"3 Byrds","floor":22,"turns":5},{"damage":0,"enemies":"Book of Stabbing","floor":23,"turns":1}],"seed_played":"-1735648425091800062","neow_bonus_log":{"cardsObtained":[],"cardsUpgraded":[],"cardsRemoved":[],"cardsTransformed":[],"relicsObtained":["Bag of Marbles"],"maxHpGained":0,"goldGained":0,"damageTaken":0,"goldLost":0,"maxHpLost":0},"potions_obtained":[{"floor":2,"key":"ElixirPotion"},{"floor":2,"key":"LiquidMemories"},{"floor":11,"key":"LiquidMemories"},{"floor":14,"key":"FairyPotion"},{"floor":18,"key":"AttackPotion"},{"floor":22,"key":"DistilledChaos"}],"is_trial":false,"path_per_floor":["M","?","M","$","M","R","?","R","T","R","E","M","$","M","R","B",null,"M","?","$","?","M","E"],"character_chosen":"IRONCLAD","basemod:card_modifiers":[null,null,null,null,null,null,null,null,null,null,null,null,null,null,null],"items_purchased":["Flame Barrier"],"campfire_rested":1,"item_purchase_floors":[4],"current_hp_per_floor":[67,67,72,72,64,64,64,64,64,64,29,19,19,12,34,28,63,53,53,53,53,59,59],"gold":51,"neow_bonus":"RANDOM_COMMON_RELIC","is_prod":false,"is_daily":false,"rewards_skipped":[{"floor":2,"relics":[],"potions":["ElixirPotion"]}],"chose_seed":false,"campfire_upgraded":3,"win_rate":0,"floor_exit_playtime":[50,58,83,89,131,140,154,165,170,176,223,294,307,358,361,508,526,567,573,589,595,680],"timestamp":1686786331,"path_taken":["M","?","?","$","M","R","?","R","T","R","E","M","$","M","R","BOSS","M","?","$","?","?","E"],"build_version":"2022-12-18","purchased_purges":2,"victory":false,"max_hp_per_floor":[75,75,75,75,75,75,75,75,75,75,75,75,75,75,75,75,75,75,75,75,75,75,75],"card_choices":[{"not_picked":["Twin Strike","Havoc"],"picked":"Inflame","floor":1},{"not_picked":["Clothesline","Thunderclap"],"picked":"Disarm","floor":3},{"not_picked":["Spot Weakness","Sword Boomerang"],"picked":"Second Wind","floor":5},{"not_picked":["Flex","Rupture"],"picked":"Metallicize","floor":11},{"not_picked":["Pummel","Pommel Strike"],"picked":"Ghostly Armor","floor":12},{"not_picked":["Flex","Shockwave"],"picked":"Thunderclap","floor":14},{"not_picked":["Offering","Brutality"],"picked":"Fiend Fire","floor":16},{"not_picked":["Burning Pact","Pommel Strike"],"picked":"Disarm","floor":18},{"not_picked":["Armaments","Cleave","Seeing Red"],"picked":"SKIP","floor":22}],"player_experience":1462785,"relics_obtained":[{"floor":9,"key":"CeramicFish"},{"floor":11,"key":"Letter Opener"}],"event_choices":[{"damage_healed":0,"gold_gain":0,"player_choice":"Bought 3 Potions","damage_taken":0,"max_hp_gain":0,"max_hp_loss":0,"event_name":"The Woman in Blue","floor":2,"gold_loss":0},{"cards_removed":["Strike_R"],"damage_healed":0,"gold_gain":0,"player_choice":"Offered Basic","damage_taken":0,"max_hp_gain":0,"max_hp_loss":0,"event_name":"Bonfire Elementals","floor":7,"gold_loss":0},{"damage_healed":0,"gold_gain":0,"player_choice":"Ignored","damage_taken":0,"max_hp_gain":0,"max_hp_loss":0,"event_name":"Ghosts","floor":19,"gold_loss":0},{"damage_healed":0,"gold_gain":0,"cards_transformed":["Strike_R"],"player_choice":"Transformed","damage_taken":0,"max_hp_gain":0,"max_hp_loss":0,"event_name":"Transmorgrifier","floor":21,"gold_loss":0,"cards_obtained":["True Grit"]}],"is_beta":false,"boss_relics":[{"not_picked":["Snecko Eye","SlaversCollar"],"picked":"Empty Cage"}],"items_purged_floors":[13,20],"is_endless":false,"potions_floor_spawned":[11,14,18,22],"killed_by":"Book of Stabbing","ascension_level":20,"potion_discard_per_floor":[[],[],[],[],[],[],[],[],[],[],[],[],[],[],[],[],[],[],[],[],[],[],[]]}