{
  "neow_bonuses_skipped_log": [
    "REMOVE_CARD",
    "THREE_SMALL_POTIONS",
    "BOSS_RELIC"
  ],
  "neow_costs_skipped_log": ["NONE", "NONE", "NONE"],
  "potions_obtained_entropic_brew": [[]],
  "gold_per_floor": [0],
  "floor_reached": 1,
  "playtime": 25,
  "items_purged": [],
  "score": 5,
  "play_id": "400737fe-1066-4b5c-9473-c1b89fd00710",
  "local_time": "20230615064208",
  "score_breakdown": [
    "Floors Climbed (1): 5",
    "Enemies Slain (0): 0",
    "Exordium Elites Killed (0): 0",
    "Bosses Slain (0): 0"
  ],
  "is_ascension_mode": false,
  "potions_obtained_alchemize": [[]],
  "campfire_choices": [],
  "lesson_learned_per_floor": [[]],
  "neow_cost": "NO_GOLD",
  "improvable_cards": {},
  "seed_source_timestamp": 1535292984881100,
  "shop_contents": [],
  "circlet_count": 0,
  "master_deck": [
    "Strike_R",
    "Strike_R",
    "Strike_R",
    "Strike_R",
    "Strike_R",
    "Defend_R",
    "Defend_R",
    "Defend_R",
    "Defend_R",
    "Bash",
    "Chrysalis"
  ],
  "potion_use_per_floor": [[]],
  "relics": ["Burning Blood"],
  "potions_floor_usage": [],
  "damage_taken": [
    { "damage": 0, "enemies": "2 Louse", "floor": 1, "turns": 1 }
  ],
  "seed_played": "6403906896813948975",
  "neow_bonus_log": {
    "cardsObtained": [],
    "cardsUpgraded": [],
    "cardsRemoved": [],
    "cardsTransformed": [],
    "relicsObtained": [],
    "maxHpGained": 0,
    "goldGained": 0,
    "damageTaken": 0,
    "goldLost": 99,
    "maxHpLost": 0
  },
  "potions_obtained": [],
  "is_trial": false,
  "path_per_floor": ["M"],
  "character_chosen": "IRONCLAD",
  "basemod:card_modifiers": [
    null,
    null,
    null,
    null,
    null,
    null,
    null,
    null,
    null,
    null,
    null
  ],
  "items_purchased": [],
  "campfire_rested": 0,
  "item_purchase_floors": [],
  "current_hp_per_floor": [80],
  "gold": 0,
  "neow_bonus": "RANDOM_COLORLESS_2",
  "is_prod": false,
  "is_daily": false,
  "rewards_skipped": [],
  "chose_seed": false,
  "campfire_upgraded": 0,
  "win_rate": 0,
  "floor_exit_playtime": [],
  "timestamp": 1686825728,
  "path_taken": ["M"],
  "build_version": "2022-12-18",
  "purchased_purges": 0,
  "victory": false,
  "max_hp_per_floor": [80],
  "card_choices": [
    {
      "not_picked": ["Thinking Ahead", "Transmutation"],
      "picked": "Chrysalis",
      "floor": 0
    }
  ],
  "player_experience": 1466059,
  "relics_obtained": [],
  "event_choices": [],
  "is_beta": false,
  "boss_relics": [],
  "items_purged_floors": [],
  "is_endless": false,
  "potions_floor_spawned": [],
  "killed_by": "2 Louse",
  "ascension_level": 0,
  "potion_discard_per_floor": [[]]
}
