{"neow_bonuses_skipped_log":["HUNDRED_GOLD","TRANSFORM_TWO_CARDS","BOSS_RELIC"],"potions_obtained_entropic_brew":[[],[],[],[],[],[],[],[],[],[],[],[],[],[],[],[],[],[],[],[],[],[],[],[],[],[],[],[],[]],"neow_costs_skipped_log":["NONE","TEN_PERCENT_HP_LOSS","NONE"],"gold_per_floor":[115,115,132,149,162,162,162,162,162,175,201,201,232,257,269,377,389,416,428,455,467,479,491,23,23,23,43,43,43],"floor_reached":29,"playtime":1368,"items_purged":["Strike_G"],"score":340,"play_id":"c8c1472e-d2b2-4ca8-94f5-9894696f08c7","local_time":"20230614133833","score_breakdown":["Floors Climbed (29): 145","Enemies Slain (9): 18","Exordium Elites Killed (2): 20","City Elites Killed (0): 0","Bosses Slain (1): 50","Collector (1): 25","Ascension (7): 82"],"is_ascension_mode":true,"potions_obtained_alchemize":[[],[],[],[],[],[],[],[],[],[],[],[],[],[],[],[],[],[],[],[],[],[],[],[],[],[],[],[],[]],"campfire_choices":[{"data":"Neutralize","floor":6,"key":"SMITH"},{"floor":8,"key":"REST"},{"data":"Eviscerate","floor":12,"key":"SMITH"},{"data":"Tactician","floor":15,"key":"SMITH"},{"floor":23,"key":"REST"},{"data":"Ghostly","floor":25,"key":"SMITH"}],"lesson_learned_per_floor":[[],[],[],[],[],[],[],[],[],[],[],[],[],[],[],[],[],[],[],[],[],[],[],[],[],[],[],[],[]],"neow_cost":"NONE","improvable_cards":{},"seed_source_timestamp":1472529489763500,"shop_contents":[{"floor":24,"relics":["Centennial Puzzle"],"cards":["Dagger Throw","Backstab","Dodge and Roll","Trip","Violence"],"potions":["DuplicationPotion","ColorlessPotion","Dexterity Potion"]}],"circlet_count":0,"master_deck":["Strike_G+1","Strike_G+1","Defend_G+1","Defend_G+1","Defend_G+1","Defend_G+1","Defend_G+1","Survivor","Neutralize+1","Backflip","Tactician+1","Footwork+1","Dagger Throw","Poisoned Stab","Well Laid Plans","Eviscerate+1","Slice","Slice","Corpse Explosion","Deadly Poison","Ghostly+1","Ghostly","Ghostly","Ghostly","Ghostly","Acrobatics+1","Deadly Poison","Noxious Fumes"],"potion_use_per_floor":[[],[],[],[],[],[],[],[],[],["DistilledChaos"],["PowerPotion","Energy Potion"],[],["SteroidPotion"],["Block Potion"],[],[],[],[],[],[],[],[],[],[],[],[],[],[],["AttackPotion","Explosive Potion"]],"relics":["Ring of the Snake","Nunchaku","Shuriken","MawBank","Empty Cage","Nilry\u0027s Codex","Medical Kit","Dream Catcher","Paper Crane"],"potions_floor_usage":[10,11,11,13,14,29,29],"damage_taken":[{"damage":11,"enemies":"Jaw Worm","floor":1,"turns":5},{"damage":1,"enemies":"Small Slimes","floor":3,"turns":4},{"damage":0,"enemies":"2 Louse","floor":4,"turns":3},{"damage":1,"enemies":"Looter","floor":5,"turns":4},{"damage":0,"enemies":"Large Slime","floor":10,"turns":6},{"damage":11,"enemies":"3 Sentries","floor":11,"turns":7},{"damage":2,"enemies":"Gremlin Nob","floor":13,"turns":4},{"damage":2,"enemies":"Exordium Thugs","floor":14,"turns":4},{"damage":11,"enemies":"Hexaghost","floor":16,"turns":10},{"damage":1,"enemies":"Shell Parasite","floor":18,"turns":7},{"damage":2,"enemies":"Chosen","floor":20,"turns":7},{"damage":9,"enemies":"Snecko","floor":27,"turns":7},{"damage":23,"enemies":"Slavers","floor":29,"turns":1}],"seed_played":"5040663862222587963","neow_bonus_log":{"cardsObtained":[],"cardsUpgraded":[],"cardsRemoved":[],"cardsTransformed":[],"relicsObtained":[],"maxHpGained":0,"goldGained":0,"damageTaken":0,"goldLost":0,"maxHpLost":0},"potions_obtained":[{"floor":3,"key":"PowerPotion"},{"floor":4,"key":"DistilledChaos"},{"floor":10,"key":"Energy Potion"},{"floor":11,"key":"SteroidPotion"},{"floor":13,"key":"Block Potion"},{"floor":18,"key":"Explosive Potion"},{"floor":27,"key":"AttackPotion"}],"is_trial":false,"path_per_floor":["M","?","M","M","M","R","?","R","T","M","E","R","E","M","R","B",null,"M","?","M","?","?","R","$","R","T","M","?","E"],"character_chosen":"THE_SILENT","basemod:card_modifiers":[null,null,null,null,null,null,null,null,null,null,null,null,null,null,null,null,null,null,null,null,null,null,null,null,null,null,null,null],"items_purchased":["Medical Kit","Dream Catcher","Deadly Poison","Noxious Fumes"],"campfire_rested":2,"item_purchase_floors":[24,24,24,24],"current_hp_per_floor":[52,52,51,51,50,50,36,57,57,57,46,46,44,42,42,31,60,59,35,33,17,17,27,27,27,27,18,18,0],"gold":43,"neow_bonus":"THREE_CARDS","is_prod":false,"is_daily":false,"rewards_skipped":[],"chose_seed":false,"campfire_upgraded":4,"win_rate":0,"floor_exit_playtime":[86,89,134,176,220,240,244,247,251,332,479,492,556,646,655,798,818,937,952,1067,1079,1082,1086,1147,1156,1161,1317,1326],"timestamp":1686764313,"path_taken":["M","?","M","M","M","R","?","R","T","?","E","R","E","M","R","BOSS","M","?","M","?","?","R","$","R","T","?","?","E"],"build_version":"2022-12-18","purchased_purges":1,"victory":false,"max_hp_per_floor":[70,70,70,70,70,70,70,70,70,70,70,70,70,70,70,70,70,70,35,35,35,35,35,35,35,35,35,35,35],"card_choices":[{"not_picked":["Outmaneuver","Acrobatics"],"picked":"Backflip","floor":0},{"not_picked":["Bane","Finisher"],"picked":"Tactician","floor":1},{"not_picked":["Choke","Backflip"],"picked":"Footwork","floor":3},{"not_picked":["Masterful Stab","Predator"],"picked":"Dagger Throw","floor":4},{"not_picked":["Masterful Stab","Prepared"],"picked":"Poisoned Stab","floor":5},{"not_picked":["Escape Plan","Dagger Spray"],"picked":"Well Laid Plans","floor":10},{"not_picked":["Deflect","PiercingWail"],"picked":"Eviscerate","floor":11},{"not_picked":["Bullet Time","Flying Knee"],"picked":"Slice","floor":13},{"not_picked":["Dagger Spray","Setup"],"picked":"Slice","floor":14},{"not_picked":["A Thousand Cuts","Burst"],"picked":"Corpse Explosion","floor":16},{"not_picked":["Backstab","Slice"],"picked":"Deadly Poison","floor":18},{"not_picked":["Bane","Underhanded Strike+1"],"picked":"Acrobatics+1","floor":20},{"not_picked":["Backflip","Acrobatics","Poisoned Stab+1"],"picked":"SKIP","floor":27}],"player_experience":1456972,"relics_obtained":[{"floor":9,"key":"Nunchaku"},{"floor":11,"key":"Shuriken"},{"floor":13,"key":"MawBank"},{"floor":21,"key":"Nilry\u0027s Codex"},{"floor":26,"key":"Paper Crane"}],"event_choices":[{"damage_healed":0,"gold_gain":0,"player_choice":"Ignored","damage_taken":0,"max_hp_gain":0,"max_hp_loss":0,"event_name":"Liars Game","floor":2,"gold_loss":0},{"damage_healed":0,"gold_gain":0,"player_choice":"Entered Light","damage_taken":14,"max_hp_gain":0,"max_hp_loss":0,"event_name":"Shining Light","floor":7,"gold_loss":0,"cards_upgraded":["Defend_G","Footwork"]},{"damage_healed":0,"gold_gain":0,"player_choice":"Became a Ghost","damage_taken":0,"max_hp_gain":0,"max_hp_loss":35,"event_name":"Ghosts","floor":19,"gold_loss":0,"cards_obtained":["Ghostly","Ghostly","Ghostly","Ghostly","Ghostly"]},{"damage_healed":0,"gold_gain":0,"player_choice":"Obtained Book","damage_taken":16,"max_hp_gain":0,"max_hp_loss":0,"event_name":"Cursed Tome","floor":21,"gold_loss":0},{"damage_healed":0,"gold_gain":0,"player_choice":"Ignored","damage_taken":0,"max_hp_gain":0,"max_hp_loss":0,"event_name":"The Mausoleum","floor":22,"gold_loss":0},{"damage_healed":0,"gold_gain":0,"player_choice":"Simplicity","damage_taken":0,"max_hp_gain":0,"max_hp_loss":0,"event_name":"Back to Basics","floor":28,"gold_loss":0,"cards_upgraded":["Strike_G","Strike_G","Defend_G","Defend_G","Defend_G","Defend_G"]}],"is_beta":false,"boss_relics":[{"not_picked":["Coffee Dripper","Cursed Key"],"picked":"Empty Cage"}],"items_purged_floors":[24],"is_endless":false,"potions_floor_spawned":[3,4,10,11,13,18,27],"killed_by":"Slavers","ascension_level":7,"potion_discard_per_floor":[[],[],[],[],[],[],[],[],[],[],[],[],[],[],[],[],[],[],[],[],[],[],[],[],[],[],[],[],[]]}