{"gold_per_floor":[17,27,27,45,45,80,80,80],"floor_reached":8,"playtime":378,"items_purged":[],"score":73,"play_id":"b47e6ba2-0065-4d5b-b9bd-38cec9fc35aa","local_time":"20230608193939","is_ascension_mode":true,"campfire_choices":[{"floor":7,"key":"REST"}],"neow_cost":"NO_GOLD","seed_source_timestamp":976780417499300,"circlet_count":0,"master_deck":["Strike_B","Strike_B+1","Strike_B","Strike_B","Defend_B","Defend_B","Defend_B+1","Zap","Dualcast","Skim","Steam","Genetic Algorithm","Defragment"],"relics":["Cracked Core","Dead Branch","Pen Nib"],"potions_floor_usage":[2,8],"damage_taken":[{"damage":1,"enemies":"Cultist","floor":1,"turns":4},{"damage":0,"enemies":"Jaw Worm","floor":2,"turns":2},{"damage":0,"enemies":"Small Slimes","floor":4,"turns":3},{"damage":27,"enemies":"3 Sentries","floor":6,"turns":8},{"damage":46,"enemies":"Lagavulin","floor":8,"turns":6}],"seed_played":"-3593703049412653208","potions_obtained":[{"floor":1,"key":"DistilledChaos"},{"floor":6,"key":"PowerPotion"}],"is_trial":false,"path_per_floor":["M","M","?","M","?","E","R","E"],"character_chosen":"DEFECT","basemod:card_modifiers":[null,null,null,null,null,null,null,null,null,null,null,null,null],"items_purchased":[],"campfire_rested":1,"item_purchase_floors":[],"current_hp_per_floor":[67,67,60,60,45,18,40,0],"gold":80,"neow_bonus":"ONE_RARE_RELIC","is_prod":false,"is_daily":false,"chose_seed":false,"campfire_upgraded":0,"win_rate":0,"timestamp":1686267579,"path_taken":["M","?","?","M","?","E","R","E"],"build_version":"2022-12-18","purchased_purges":0,"victory":false,"max_hp_per_floor":[75,75,75,75,75,75,75,75],"card_choices":[{"not_picked":["Double Energy","Compile Driver"],"picked":"Skim","floor":1},{"not_picked":["Loop","Gash"],"picked":"Steam","floor":2},{"not_picked":["Redo","Recycle"],"picked":"Genetic Algorithm","floor":4},{"not_picked":["Hologram","Leap"],"picked":"Defragment","floor":6}],"player_experience":1441473,"relics_obtained":[{"floor":6,"key":"Pen Nib"}],"event_choices":[{"cards_removed":["Defend_B"],"damage_healed":0,"gold_gain":0,"player_choice":"Card Removal","damage_taken":7,"max_hp_gain":0,"max_hp_loss":0,"event_name":"Golden Wing","floor":3,"gold_loss":0},{"damage_healed":0,"gold_gain":0,"player_choice":"Entered Light","damage_taken":15,"max_hp_gain":0,"max_hp_loss":0,"event_name":"Shining Light","floor":5,"gold_loss":0,"cards_upgraded":["Defend_B","Strike_B"]}],"is_beta":false,"boss_relics":[],"items_purged_floors":[],"is_endless":false,"potions_floor_spawned":[1,6],"killed_by":"Lagavulin","ascension_level":6}