{"neow_bonuses_skipped_log":["TEN_PERCENT_HP_BONUS"],"potions_obtained_entropic_brew":[[],[],[],[],[],[]],"neow_costs_skipped_log":["NONE"],"gold_per_floor":[110,124,137,11,21,21],"floor_reached":6,"playtime":336,"items_purged":["Strike_G"],"score":51,"play_id":"b8cb839a-3c80-466d-bae0-b1e73535b979","local_time":"20230614135142","score_breakdown":["Floors Climbed (6): 30","Enemies Slain (4): 8","Exordium Elites Killed (0): 0","Bosses Slain (0): 0","Ascension (7): 13"],"is_ascension_mode":true,"potions_obtained_alchemize":[[],[],[],[],[],[]],"campfire_choices":[],"lesson_learned_per_floor":[[],[],[],[],[],[]],"neow_cost":"NONE","improvable_cards":{},"seed_source_timestamp":1474314531572700,"shop_contents":[{"floor":4,"relics":["CeramicFish","Lantern","Toolbox"],"cards":["Glass Knife","Sucker Punch","Crippling Poison","Caltrops","Swift Strike","Violence"],"potions":["LiquidMemories","FearPotion","SpeedPotion"]}],"circlet_count":0,"master_deck":["Strike_G","Strike_G","Strike_G","Strike_G","Defend_G","Defend_G","Defend_G","Defend_G","Defend_G","Survivor","Neutralize","Crippling Poison","Acrobatics","Backflip","Deflect","Blur"],"special_seed":0,"potion_use_per_floor":[[],[],[],[],[],["Poison Potion","Energy Potion"]],"relics":["Ring of the Snake","NeowsBlessing"],"potions_floor_usage":[6,6],"damage_taken":[{"damage":0.0,"enemies":"2 Louse","floor":1.0,"turns":1.0},{"damage":0.0,"enemies":"Cultist","floor":2.0,"turns":1.0},{"damage":0.0,"enemies":"Small Slimes","floor":3.0,"turns":1.0},{"damage":23.0,"enemies":"Exordium Wildlife","floor":5.0,"turns":9.0},{"damage":43,"enemies":"Lagavulin","floor":6,"turns":13}],"seed_played":"7040546588889533684","neow_bonus_log":{"cardsObtained":[],"cardsUpgraded":[],"cardsRemoved":[],"cardsTransformed":[],"relicsObtained":["NeowsBlessing"],"maxHpGained":0,"goldGained":0,"damageTaken":0,"goldLost":0,"maxHpLost":0},"potions_obtained":[{"floor":2.0,"key":"Poison Potion"},{"floor":5.0,"key":"Energy Potion"}],"is_trial":false,"path_per_floor":["M","M","M","$","M","E"],"character_chosen":"THE_SILENT","basemod:card_modifiers":[null,null,null,null,null,null,null,null,null,null,null,null,null,null,null,null],"items_purchased":["Deflect"],"campfire_rested":0,"item_purchase_floors":[4],"current_hp_per_floor":[63,63,63,63,40,0],"gold":21,"neow_bonus":"THREE_ENEMY_KILL","is_prod":false,"is_daily":false,"rewards_skipped":[],"chose_seed":false,"campfire_upgraded":0,"win_rate":0,"floor_exit_playtime":[24,34,47,59,161],"timestamp":1686765102,"path_taken":["M","M","M","$","M","E"],"build_version":"2022-12-18","purchased_purges":1,"victory":false,"max_hp_per_floor":[70,70,70,70,70,70],"card_choices":[{"not_picked":["Dodge and Roll","Outmaneuver"],"picked":"Crippling Poison","floor":1.0},{"not_picked":["Tactician","Underhanded Strike"],"picked":"Acrobatics","floor":2.0},{"not_picked":["Choke","Sucker Punch"],"picked":"Backflip","floor":3.0},{"not_picked":["Outmaneuver","Catalyst"],"picked":"Blur","floor":5.0}],"player_experience":1458728,"relics_obtained":[],"event_choices":[],"is_beta":false,"boss_relics":[],"items_purged_floors":[4],"is_endless":false,"potions_floor_spawned":[2,5],"killed_by":"Lagavulin","ascension_level":7,"potion_discard_per_floor":[[],[],[],[],[],[]]}