{"gold_per_floor":[114,114,17,92,170,170,205,205,205,223,223,285,304,304,304,404,404,421,33,52,68,68,68,88,99,172,172,172,183,200,217,217,313,313,331,351,361,361],"floor_reached":38,"playtime":1842,"items_purged":[],"score":405,"play_id":"1860193c-ec1d-4736-994e-aadb79e72425","local_time":"20221210144513","is_ascension_mode":false,"campfire_choices":[{"data":"Eruption","floor":6,"key":"SMITH"},{"data":"Vigilance","floor":8,"key":"SMITH"},{"data":"Defend_P","floor":11,"key":"SMITH"},{"floor":15,"key":"REST"},{"data":"CutThroughFate","floor":23,"key":"SMITH"},{"floor":27,"key":"REST"},{"floor":32,"key":"REST"}],"neow_cost":"NONE","seed_source_timestamp":335411773845500,"circlet_count":0,"master_deck":["Strike_P+1","Strike_P+1","Defend_P","Defend_P","Defend_P+1","Eruption+1","Vigilance+1","CutThroughFate+1","Halt","BowlingBash","Meditate","EmptyFist","WreathOfFlame","Blasphemy","LikeWater+1","FlyingSleeves+1","Judgement+1","Conclude","Perseverance+1","DevaForm+1","Tantrum+1","LessonLearned","Tantrum"],"relics":["PureWater","Kunai","Regal Pillow","Sundial","Lizard Tail","Astrolabe","OrangePellets","Mummified Hand","TeardropLocket","FaceOfCleric","Busted Crown"],"potions_floor_usage":[1,7,7,7,7,14,16,24,24,30,30,33],"damage_taken":[{"damage":0,"enemies":"Cultist","floor":1,"turns":4},{"damage":0,"enemies":"Lagavulin","floor":7,"turns":5},{"damage":0,"enemies":"2 Louse","floor":10,"turns":1},{"damage":15,"enemies":"Lagavulin Event","floor":12,"turns":4},{"damage":0,"enemies":"Jaw Worm","floor":13,"turns":2},{"damage":0,"enemies":"Large Slime","floor":14,"turns":1},{"damage":23,"enemies":"Hexaghost","floor":16,"turns":11},{"damage":15,"enemies":"2 Thieves","floor":18,"turns":3},{"damage":0,"enemies":"Chosen","floor":20,"turns":3},{"damage":0,"enemies":"Snecko","floor":21,"turns":4},{"damage":23,"enemies":"Chosen and Byrds","floor":24,"turns":6},{"damage":28,"enemies":"Centurion and Healer","floor":25,"turns":4},{"damage":1,"enemies":"Snecko","floor":29,"turns":3},{"damage":4,"enemies":"Chosen and Byrds","floor":30,"turns":6},{"damage":23,"enemies":"Shelled Parasite and Fungi","floor":31,"turns":6},{"damage":64,"enemies":"Collector","floor":33,"turns":12},{"damage":18,"enemies":"3 Darklings","floor":35,"turns":4},{"damage":10,"enemies":"3 Shapes","floor":36,"turns":3},{"damage":38,"enemies":"Sphere and 2 Shapes","floor":37,"turns":4},{"damage":42,"enemies":"Transient","floor":38,"turns":5}],"seed_played":"-2215558378901514079","potions_obtained":[{"floor":0,"key":"CultistPotion"},{"floor":0,"key":"BottledMiracle"},{"floor":0,"key":"EntropicBrew"},{"floor":1,"key":"SmokeBomb"},{"floor":7,"key":"BottledMiracle"},{"floor":16,"key":"SpeedPotion"},{"floor":18,"key":"SpeedPotion"},{"floor":21,"key":"Swift Potion"},{"floor":29,"key":"ColorlessPotion"},{"floor":31,"key":"StancePotion"}],"is_trial":false,"path_per_floor":["M","?","$","?","T","R","E","R","T","M","R","?","M","M","R","B",null,"M","$","M","M","?","R","M","M","T","R","?","M","M","M","R","B",null,"M","M","M","M"],"character_chosen":"WATCHER","items_purchased":["Halt","BowlingBash","OrangePellets","Mummified Hand"],"campfire_rested":3,"item_purchase_floors":[3,3,19,19],"current_hp_per_floor":[72,58,58,47,47,47,47,47,47,47,47,32,32,32,68,45,72,57,57,57,57,57,57,34,6,6,42,42,42,39,17,54,38,76,59,50,13,0],"gold":361,"neow_bonus":"THREE_SMALL_POTIONS","is_prod":false,"is_daily":false,"chose_seed":false,"campfire_upgraded":4,"win_rate":0,"timestamp":1670701513,"path_taken":["M","?","$","?","?","R","E","R","T","M","R","?","M","M","R","BOSS","M","$","M","M","?","R","M","M","T","R","?","M","M","M","R","BOSS","M","?","M","M"],"build_version":"2022-12-01","purchased_purges":0,"victory":false,"max_hp_per_floor":[72,72,72,72,72,72,72,72,72,72,72,72,72,72,72,72,72,72,72,72,72,72,72,72,72,72,72,72,73,74,75,75,76,76,77,78,79,79],"card_choices":[{"not_picked":["FlurryOfBlows","PathToVictory"],"picked":"CutThroughFate","floor":1},{"not_picked":["JustLucky","ConjureBlade"],"picked":"Meditate","floor":7},{"not_picked":["JustLucky","PathToVictory"],"picked":"EmptyFist","floor":10},{"not_picked":["FlyingSleeves","CutThroughFate"],"picked":"WreathOfFlame","floor":13},{"not_picked":["MasterReality","DeusExMachina"],"picked":"Blasphemy","floor":16},{"not_picked":["Crescendo","Fasting2","JustLucky+1"],"picked":"SKIP","floor":18},{"not_picked":["Evaluate","EmptyBody","ClearTheMind"],"picked":"SKIP","floor":20},{"not_picked":["FlyingSleeves","Prostrate","PathToVictory"],"picked":"SKIP","floor":21},{"not_picked":["FlyingSleeves","Crescendo","Protect"],"picked":"SKIP","floor":24},{"not_picked":["BowlingBash+1","Adaptation"],"picked":"Conclude","floor":25},{"not_picked":["Consecrate","JustLucky"],"picked":"Perseverance+1","floor":29},{"not_picked":["CrushJoints","ReachHeaven"],"picked":"DevaForm","floor":30},{"not_picked":["Evaluate","ClearTheMind"],"picked":"Tantrum+1","floor":31},{"not_picked":["Scrawl","Establishment"],"picked":"LessonLearned","floor":33},{"not_picked":["FlyingSleeves"],"picked":"SKIP","floor":35},{"not_picked":[],"picked":"Tantrum","floor":36},{"not_picked":["ThirdEye+1"],"picked":"SKIP","floor":37}],"player_experience":1299078,"relics_obtained":[{"floor":5,"key":"Kunai"},{"floor":7,"key":"Regal Pillow"},{"floor":9,"key":"Sundial"},{"floor":12,"key":"Lizard Tail"},{"floor":26,"key":"TeardropLocket"}],"event_choices":[{"damage_healed":0,"gold_gain":0,"player_choice":"Entered Light","damage_taken":14,"max_hp_gain":0,"max_hp_loss":0,"event_name":"Shining Light","floor":2,"gold_loss":0,"cards_upgraded":["Strike_P","Strike_P"]},{"damage_healed":0,"gold_gain":75,"player_choice":"Gather Gold","damage_taken":11,"max_hp_gain":0,"max_hp_loss":0,"event_name":"World of Goop","floor":4,"gold_loss":0},{"damage_healed":0,"gold_gain":0,"player_choice":"Searched \u00272\u0027 times","damage_taken":0,"max_hp_gain":0,"max_hp_loss":0,"event_name":"Dead Adventurer","floor":12,"gold_loss":0},{"damage_healed":0,"gold_gain":0,"player_choice":"Ignored","damage_taken":0,"max_hp_gain":0,"max_hp_loss":0,"event_name":"betterNote:BetterNote","floor":22,"gold_loss":0,"cards_obtained":["Limit Break"]},{"damage_healed":0,"gold_gain":0,"player_choice":"Trade","damage_taken":0,"relics_obtained":["FaceOfCleric"],"max_hp_gain":0,"max_hp_loss":0,"event_name":"FaceTrader","floor":28,"gold_loss":0}],"is_beta":false,"boss_relics":[{"not_picked":["Tiny House","Snecko Eye"],"picked":"Astrolabe"},{"not_picked":["Black Star","Fusion Hammer"],"picked":"Busted Crown"}],"items_purged_floors":[],"is_endless":false,"potions_floor_spawned":[1,7,16,18,21,29,31],"killed_by":"Transient","ascension_level":0}