{"gold_per_floor":[119,119,136,0,19,19,19,37,113,124,124,138,138,173,173,274,274,293,312,322,339,354,380,390,405,405,416,416,416,429,439,439,538,538,552,552,571,63,0,0,0],"floor_reached":41,"playtime":1624,"items_purged":["Strike_P"],"score":496,"play_id":"c6f2a6c8-8be9-48fe-b6a4-ac97a2949d9f","local_time":"20221210151356","is_ascension_mode":false,"campfire_choices":[{"data":"BattleHymn","floor":6.0,"key":"SMITH"},{"data":"Vigilance","floor":11.0,"key":"SMITH"},{"floor":15.0,"key":"REST"},{"floor":32.0,"key":"REST"},{"data":"Judgement","floor":40,"key":"SMITH"}],"neow_cost":"NONE","seed_source_timestamp":337333224067900,"circlet_count":0,"master_deck":["Strike_P","Strike_P","Strike_P","Defend_P","Defend_P","Defend_P","Defend_P","Eruption+1","Vigilance+1","Prostrate","FlurryOfBlows","Tantrum","BattleHymn+1","CrushJoints","FlurryOfBlows","CarveReality","JustLucky","Halt","SpiritShield","CutThroughFate","Vengeance+1","InnerPeace+1","Halt+1","FlurryOfBlows","DeusExMachina","EmptyBody","Consecrate","Injury","Pray+1","Shame","Judgement+1","FlurryOfBlows","Brilliance","PathToVictory+1","Chrysalis","Finesse"],"special_seed":0,"relics":["PureWater","NeowsBlessing","Smiling Mask","StrikeDummy","InkBottle","Tiny Chest","Cursed Key","Akabeko","Gremlin Horn","CloakClasp","SacredBark","Ginger","Medical Kit","Red Mask"],"potions_floor_usage":[35],"damage_taken":[{"damage":0.0,"enemies":"Cultist","floor":1.0,"turns":1.0},{"damage":0.0,"enemies":"2 Louse","floor":3.0,"turns":1.0},{"damage":0.0,"enemies":"Jaw Worm","floor":5.0,"turns":1.0},{"damage":7.0,"enemies":"Gremlin Gang","floor":8.0,"turns":3.0},{"damage":14.0,"enemies":"Lots of Slimes","floor":10.0,"turns":3.0},{"damage":5.0,"enemies":"Looter","floor":12.0,"turns":2.0},{"damage":0.0,"enemies":"3 Sentries","floor":14.0,"turns":3.0},{"damage":38.0,"enemies":"The Guardian","floor":16.0,"turns":9.0},{"damage":0.0,"enemies":"Shell Parasite","floor":18.0,"turns":2.0},{"damage":0.0,"enemies":"3 Byrds","floor":19.0,"turns":3.0},{"damage":11.0,"enemies":"Snake Plant","floor":20.0,"turns":2.0},{"damage":0.0,"enemies":"3 Cultists","floor":21.0,"turns":3.0},{"damage":0.0,"enemies":"Centurion and Healer","floor":22.0,"turns":2.0},{"damage":29.0,"enemies":"Book of Stabbing","floor":23.0,"turns":3.0},{"damage":0.0,"enemies":"Snecko","floor":24.0,"turns":2.0},{"damage":0.0,"enemies":"3 Cultists","floor":25.0,"turns":3.0},{"damage":18.0,"enemies":"Snake Plant","floor":27.0,"turns":4.0},{"damage":7.0,"enemies":"Centurion and Healer","floor":30.0,"turns":3.0},{"damage":0.0,"enemies":"3 Cultists","floor":31.0,"turns":2.0},{"damage":11.0,"enemies":"Collector","floor":33.0,"turns":5.0},{"damage":25,"enemies":"3 Shapes","floor":35,"turns":3},{"damage":16,"enemies":"Orb Walker","floor":37,"turns":3},{"damage":54,"enemies":"Giant Head","floor":41,"turns":5}],"seed_played":"4030616516958726248","potions_obtained":[{"floor":8.0,"key":"BottledMiracle"},{"floor":10.0,"key":"StancePotion"},{"floor":14.0,"key":"Fire Potion"},{"floor":16.0,"key":"DistilledChaos"},{"floor":18.0,"key":"Swift Potion"},{"floor":23.0,"key":"BlessingOfTheForge"},{"floor":24.0,"key":"Block Potion"},{"floor":25.0,"key":"Fruit Juice"},{"floor":30.0,"key":"SteroidPotion"},{"floor":31.0,"key":"PowerPotion"},{"floor":33.0,"key":"Dexterity Potion"}],"is_trial":false,"path_per_floor":["M","?","M","$","M","R","?","M","T","M","R","M","T","E","R","B",null,"M","M","M","M","M","E","M","M","T","M","?","T","M","M","R","B",null,"M","?","M","$","?","R","E"],"character_chosen":"WATCHER","items_purchased":["Tantrum","BattleHymn","Ginger","Medical Kit"],"campfire_rested":2,"item_purchase_floors":[4,4,38,38],"current_hp_per_floor":[72,72,72,72,72,72,60,53,53,39,39,34,34,34,55,17,72,72,72,61,61,61,32,32,32,37,19,19,19,12,12,35,24,77,52,47,31,31,31,31,0],"gold":0,"neow_bonus":"THREE_ENEMY_KILL","is_prod":false,"is_daily":false,"chose_seed":false,"campfire_upgraded":3,"win_rate":0,"timestamp":1670703236,"path_taken":["M","?","M","$","?","R","?","M","T","M","R","M","?","E","R","BOSS","M","?","?","M","M","E","M","M","T","M","?","?","?","M","R","BOSS","M","?","M","$","?","R","E"],"build_version":"2022-12-01","purchased_purges":1,"victory":false,"max_hp_per_floor":[72,72,72,72,72,72,72,72,72,72,72,72,72,72,72,72,72,72,72,72,72,72,72,72,72,77,77,77,77,77,77,77,77,77,77,77,77,77,77,77,77],"card_choices":[{"not_picked":["ForeignInfluence","EmptyFist"],"picked":"Prostrate","floor":1.0},{"not_picked":["ClearTheMind","Indignation"],"picked":"FlurryOfBlows","floor":3.0},{"not_picked":["SashWhip","BowlingBash"],"picked":"CrushJoints","floor":5.0},{"not_picked":["Consecrate","Pray"],"picked":"FlurryOfBlows","floor":8.0},{"not_picked":["JustLucky","BattleHymn"],"picked":"CarveReality","floor":10.0},{"not_picked":["ClearTheMind","Crescendo"],"picked":"JustLucky","floor":12.0},{"not_picked":["Crescendo","WindmillStrike"],"picked":"Halt","floor":14.0},{"not_picked":["DevaForm","MasterReality"],"picked":"SpiritShield","floor":16.0},{"not_picked":["JustLucky+1","Study"],"picked":"CutThroughFate","floor":18.0},{"not_picked":["SignatureMove+1","LikeWater"],"picked":"Vengeance+1","floor":19.0},{"not_picked":["Perseverance","WreathOfFlame+1"],"picked":"InnerPeace+1","floor":20.0},{"not_picked":["WaveOfTheHand","SignatureMove"],"picked":"Halt+1","floor":21.0},{"not_picked":["DeceiveReality","CrushJoints"],"picked":"FlurryOfBlows","floor":22.0},{"not_picked":["CutThroughFate","Alpha"],"picked":"DeusExMachina","floor":23.0},{"not_picked":["FollowUp+1","PathToVictory"],"picked":"EmptyBody","floor":24.0},{"not_picked":["SashWhip","EmptyFist"],"picked":"Consecrate","floor":25.0},{"not_picked":["SashWhip","CutThroughFate"],"picked":"Pray+1","floor":27.0},{"not_picked":["PathToVictory","EmptyBody+1"],"picked":"Judgement","floor":30.0},{"not_picked":["Consecrate","Pray"],"picked":"FlurryOfBlows","floor":31.0},{"not_picked":["Wish","Alpha"],"picked":"Brilliance","floor":33.0},{"not_picked":["Consecrate+1","EmptyFist"],"picked":"PathToVictory+1","floor":35},{"not_picked":["Swift Strike","Good Instincts"],"picked":"Chrysalis","floor":36},{"not_picked":["Swift Strike","Impatience"],"picked":"Finesse","floor":36},{"not_picked":["ThirdEye","FollowUp+1","ClearTheMind+1"],"picked":"SKIP","floor":37}],"player_experience":1300920,"relics_obtained":[{"floor":9.0,"key":"StrikeDummy"},{"floor":13.0,"key":"InkBottle"},{"floor":14.0,"key":"Tiny Chest"},{"floor":23.0,"key":"Akabeko"},{"floor":26.0,"key":"Gremlin Horn"},{"floor":29.0,"key":"CloakClasp"}],"event_choices":[{"damage_healed":0.0,"max_hp_gain":0.0,"max_hp_loss":0.0,"gold_gain":0.0,"event_name":"Upgrade Shrine","player_choice":"Upgraded","floor":2.0,"gold_loss":0.0,"damage_taken":0.0,"cards_upgraded":["Eruption"]},{"damage_healed":0.0,"max_hp_gain":0.0,"max_hp_loss":0.0,"gold_gain":0.0,"event_name":"Scrap Ooze","player_choice":"Success","floor":7.0,"gold_loss":0.0,"damage_taken":12.0,"relics_obtained":["Smiling Mask"]},{"damage_healed":0.0,"max_hp_gain":0.0,"max_hp_loss":0.0,"gold_gain":0.0,"event_name":"betterNote:BetterNote","player_choice":"Ignored","floor":28.0,"gold_loss":0.0,"damage_taken":0.0,"cards_obtained":["Limit Break"]},{"damage_healed":0,"gold_gain":0,"player_choice":"Memory 2","damage_taken":5,"max_hp_gain":0,"max_hp_loss":0,"event_name":"SensoryStone","floor":36,"gold_loss":0},{"damage_healed":0,"gold_gain":0,"player_choice":"Paid","damage_taken":0,"relics_obtained":["Red Mask"],"max_hp_gain":0,"max_hp_loss":0,"event_name":"Tomb of Lord Red Mask","floor":39,"gold_loss":63}],"is_beta":false,"boss_relics":[{"not_picked":["Astrolabe","Pandora\u0027s Box"],"picked":"Cursed Key"},{"not_picked":["Philosopher\u0027s Stone","Velvet Choker"],"picked":"SacredBark"}],"items_purged_floors":[38],"is_endless":false,"potions_floor_spawned":[8,10,14,16,18,23,24,25,30,31,33],"killed_by":"Giant Head","ascension_level":0}