{"gold_per_floor":[116,66,39,54,54,95,110,110,110,110,110,126,140,173,173,299,299,275,275,275],"floor_reached":20,"playtime":655,"items_purged":[],"score":207,"play_id":"558c481a-c13b-40a4-9ed0-4d7dc425ebb2","local_time":"20221210134332","is_ascension_mode":false,"campfire_choices":[{"data":"WindmillStrike","floor":8,"key":"SMITH"},{"data":"Vigilance","floor":10,"key":"SMITH"},{"floor":15,"key":"REST"}],"neow_cost":"NONE","seed_source_timestamp":332900466234900,"circlet_count":0,"master_deck":["Strike_P","Strike_P","Strike_P","Defend_P","Defend_P","Defend_P","Defend_P","Vigilance+1","EmptyFist","Blasphemy","EmptyFist","Vengeance","Worship"],"relics":["PureWater","NeowsBlessing","Golden Idol","GoldenEye","Bird Faced Urn","Damaru","Empty Cage"],"potions_floor_usage":[12,14,14,16],"damage_taken":[{"damage":0,"enemies":"2 Louse","floor":1,"turns":1},{"damage":0,"enemies":"Jaw Worm","floor":4,"turns":1},{"damage":0,"enemies":"Lagavulin","floor":6,"turns":1},{"damage":1,"enemies":"Small Slimes","floor":7,"turns":2},{"damage":0,"enemies":"3 Louse","floor":12,"turns":2},{"damage":0,"enemies":"Looter","floor":13,"turns":3},{"damage":8,"enemies":"3 Sentries","floor":14,"turns":5},{"damage":26,"enemies":"The Guardian","floor":16,"turns":9},{"damage":34,"enemies":"2 Thieves","floor":18,"turns":5},{"damage":37,"enemies":"Chosen","floor":20,"turns":5}],"seed_played":"4985458400215875410","potions_obtained":[{"floor":1,"key":"SkillPotion"},{"floor":4,"key":"Explosive Potion"},{"floor":12,"key":"BottledMiracle"},{"floor":13,"key":"Strength Potion"}],"is_trial":false,"path_per_floor":["M","?","$","M","?","E","M","R","T","R","?","M","M","E","R","B",null,"M","?","M"],"character_chosen":"WATCHER","items_purchased":["EmptyBody"],"campfire_rested":1,"item_purchase_floors":[3],"current_hp_per_floor":[72,72,72,72,54,54,53,53,53,53,46,46,46,38,59,33,72,38,32,0],"gold":275,"neow_bonus":"THREE_ENEMY_KILL","is_prod":false,"is_daily":false,"chose_seed":false,"campfire_upgraded":2,"win_rate":0,"timestamp":1670697812,"path_taken":["M","?","$","M","?","E","M","R","T","R","?","M","M","E","R","BOSS","M","?","?"],"build_version":"2022-12-01","purchased_purges":0,"victory":false,"max_hp_per_floor":[72,72,72,72,72,72,72,72,72,72,72,72,72,72,72,72,72,72,72,72],"card_choices":[{"not_picked":["SignatureMove","CutThroughFate"],"picked":"EmptyFist","floor":1},{"not_picked":["Collect","FollowUp","JustLucky"],"picked":"SKIP","floor":4},{"not_picked":["PathToVictory","ClearTheMind"],"picked":"Blasphemy","floor":6},{"not_picked":["FollowUp","PathToVictory"],"picked":"WindmillStrike","floor":7},{"not_picked":["FearNoEvil","FollowUp"],"picked":"EmptyFist","floor":12},{"not_picked":["Tantrum","LikeWater"],"picked":"Vengeance","floor":13},{"not_picked":["Pray","BowlingBash"],"picked":"Worship","floor":14},{"not_picked":["Protect","ThirdEye+1","PathToVictory"],"picked":"SKIP","floor":18}],"player_experience":1296644,"relics_obtained":[{"floor":6,"key":"GoldenEye"},{"floor":9,"key":"Bird Faced Urn"},{"floor":14,"key":"Damaru"}],"event_choices":[{"cards_removed":["Eruption"],"damage_healed":0,"gold_gain":0,"player_choice":"Card Removal","damage_taken":0,"max_hp_gain":0,"max_hp_loss":0,"event_name":"The Cleric","floor":2,"gold_loss":50},{"damage_healed":0,"gold_gain":0,"player_choice":"Take Damage","damage_taken":18,"relics_obtained":["Golden Idol"],"max_hp_gain":0,"max_hp_loss":0,"event_name":"Golden Idol","floor":5,"gold_loss":0},{"cards_removed":["Strike_P"],"damage_healed":0,"gold_gain":0,"player_choice":"Card Removal","damage_taken":7,"max_hp_gain":0,"max_hp_loss":0,"event_name":"Golden Wing","floor":11,"gold_loss":0},{"damage_healed":0,"gold_gain":0,"player_choice":"","damage_taken":6,"max_hp_gain":0,"max_hp_loss":0,"event_name":"Knowing Skull","floor":19,"potions_obtained":[],"gold_loss":0,"cards_obtained":[]}],"is_beta":false,"boss_relics":[{"not_picked":["Runic Pyramid","Philosopher\u0027s Stone"],"picked":"Empty Cage"}],"items_purged_floors":[],"is_endless":false,"potions_floor_spawned":[1,4,12,13],"killed_by":"Chosen","ascension_level":0}