{"gold_per_floor":[114,12,12,32,47,47,76,87,110,125,125,125,144,29,29,29],"floor_reached":16,"playtime":569,"items_purged":["Eruption"],"score":127,"play_id":"bfc90dd2-e04e-4e25-954b-d9d9ae9614fb","local_time":"20221210135311","is_ascension_mode":false,"campfire_choices":[{"data":"Vigilance","floor":6,"key":"SMITH"},{"data":"FlurryOfBlows","floor":11,"key":"SMITH"},{"data":"EmptyMind","floor":15,"key":"SMITH"}],"neow_cost":"NONE","seed_source_timestamp":333566024769400,"circlet_count":0,"master_deck":["Strike_P+1","Strike_P","Strike_P","Strike_P","Defend_P","Defend_P","Defend_P","Defend_P","Vigilance+1","Worship","CutThroughFate+1","EmptyMind+1","FlurryOfBlows+1","CutThroughFate","WreathOfFlame","WindmillStrike","CarveReality","Meditate"],"relics":["PureWater","Akabeko","MealTicket","PreservedInsect","Golden Idol"],"potions_floor_usage":[7,8],"damage_taken":[{"damage":0,"enemies":"Cultist","floor":1,"turns":2},{"damage":0,"enemies":"Small Slimes","floor":4,"turns":2},{"damage":8,"enemies":"Jaw Worm","floor":5,"turns":3},{"damage":0,"enemies":"Lagavulin","floor":7,"turns":4},{"damage":0,"enemies":"2 Fungi Beasts","floor":8,"turns":2},{"damage":17,"enemies":"3 Louse","floor":10,"turns":3},{"damage":0,"enemies":"Large Slime","floor":13,"turns":4},{"damage":50,"enemies":"The Guardian","floor":16,"turns":8}],"seed_played":"6382425141264672564","potions_obtained":[{"floor":5,"key":"Explosive Potion"},{"floor":7,"key":"Fire Potion"}],"is_trial":false,"path_per_floor":["M","$","?","M","M","R","E","M","T","M","R","?","M","$","R","B"],"character_chosen":"WATCHER","items_purchased":["CutThroughFate","CarveReality","Meditate"],"campfire_rested":0,"item_purchase_floors":[2,14,14],"current_hp_per_floor":[72,72,58,58,50,50,50,50,50,33,33,33,33,48,48,0],"gold":29,"neow_bonus":"RANDOM_COMMON_RELIC","is_prod":false,"is_daily":false,"chose_seed":false,"campfire_upgraded":3,"win_rate":0,"timestamp":1670698391,"path_taken":["M","$","?","M","M","R","E","M","T","M","R","?","M","?","R","BOSS"],"build_version":"2022-12-01","purchased_purges":1,"victory":false,"max_hp_per_floor":[72,72,72,72,72,72,72,72,72,72,72,67,67,67,67,67],"card_choices":[{"not_picked":["FlyingSleeves","WreathOfFlame"],"picked":"Worship","floor":1},{"not_picked":["FollowUp","BowlingBash"],"picked":"EmptyMind","floor":4},{"not_picked":["Crescendo","ThirdEye"],"picked":"FlurryOfBlows","floor":5},{"not_picked":["CrushJoints","MentalFortress"],"picked":"CutThroughFate","floor":7},{"not_picked":["Halt","PathToVictory"],"picked":"WreathOfFlame","floor":8},{"not_picked":["Protect","Halt","EmptyBody"],"picked":"SKIP","floor":10},{"not_picked":["FlyingSleeves","SashWhip"],"picked":"WindmillStrike","floor":13}],"player_experience":1297299,"relics_obtained":[{"floor":7,"key":"MealTicket"},{"floor":9,"key":"PreservedInsect"}],"event_choices":[{"damage_healed":0,"gold_gain":0,"player_choice":"Entered Light","damage_taken":14,"max_hp_gain":0,"max_hp_loss":0,"event_name":"Shining Light","floor":3,"gold_loss":0,"cards_upgraded":["Strike_P","CutThroughFate"]},{"damage_healed":0,"gold_gain":0,"player_choice":"Lose Max HP","damage_taken":0,"relics_obtained":["Golden Idol"],"max_hp_gain":0,"max_hp_loss":5,"event_name":"Golden Idol","floor":12,"gold_loss":0}],"is_beta":false,"boss_relics":[],"items_purged_floors":[2],"is_endless":false,"potions_floor_spawned":[5,7],"killed_by":"The Guardian","ascension_level":0}