{"gold_per_floor":[109,121,0,13,28,28,55,55,55,55,71,100,100,116,116,214,214,231,245,245,265,281,281],"floor_reached":23,"playtime":1286,"items_purged":["Strike_P"],"score":308,"play_id":"27f1053c-bff0-4710-a677-e832a80ce288","local_time":"20221216105747","is_ascension_mode":true,"campfire_choices":[{"data":"MentalFortress","floor":6,"key":"SMITH"},{"floor":10,"key":"REST"},{"floor":13,"key":"REST"},{"floor":15,"key":"REST"}],"neow_cost":"NONE","seed_source_timestamp":202718871269300,"circlet_count":0,"master_deck":["AscendersBane","Strike_P","Strike_P","Strike_P","Defend_P","Defend_P","Defend_P","Defend_P","Eruption+1","Vigilance","Consecrate","FlurryOfBlows","EmptyFist","CutThroughFate","MentalFortress+1","Halt","ThirdEye","ClearTheMind+1","FlurryOfBlows","Alpha+1","Weave","Halt+1","LessonLearned","Crescendo+1","SandsOfTime"],"special_seed":0,"relics":["PureWater","NeowsBlessing","Oddly Smooth Stone","Nunchaku","Toxic Egg 2","Sozu"],"potions_floor_usage":[7,11,12,12,22],"damage_taken":[{"damage":0,"enemies":"Cultist","floor":1,"turns":1},{"damage":0,"enemies":"2 Louse","floor":2,"turns":1},{"damage":0,"enemies":"Small Slimes","floor":4,"turns":1},{"damage":16,"enemies":"Blue Slaver","floor":5,"turns":3},{"damage":33,"enemies":"3 Sentries","floor":7,"turns":9},{"damage":0,"enemies":"Exordium Wildlife","floor":11,"turns":3},{"damage":22,"enemies":"Lagavulin","floor":12,"turns":7},{"damage":0,"enemies":"Exordium Thugs","floor":14,"turns":4},{"damage":32,"enemies":"Slime Boss","floor":16,"turns":9},{"damage":20,"enemies":"2 Thieves","floor":18,"turns":4},{"damage":12,"enemies":"Shell Parasite","floor":19,"turns":4},{"damage":6,"enemies":"3 Cultists","floor":21,"turns":3},{"damage":13,"enemies":"Centurion and Healer","floor":22,"turns":6},{"damage":12,"enemies":"Slavers","floor":23,"turns":1}],"seed_played":"-2375979725098822243","potions_obtained":[{"floor":4,"key":"SpeedPotion"},{"floor":5,"key":"Swift Potion"},{"floor":7,"key":"GamblersBrew"},{"floor":11,"key":"Swift Potion"},{"floor":16,"key":"StancePotion"}],"is_trial":false,"path_per_floor":["M","M","$","M","M","R","E","?","T","R","M","E","R","M","R","B",null,"M","M","?","M","M","E"],"character_chosen":"WATCHER","items_purchased":["EmptyFist"],"campfire_rested":3,"item_purchase_floors":[3],"current_hp_per_floor":[65,65,65,65,49,49,16,16,16,37,37,15,36,36,57,25,60,40,28,28,22,9,0],"gold":281,"neow_bonus":"THREE_ENEMY_KILL","is_prod":false,"is_daily":false,"chose_seed":false,"campfire_upgraded":1,"win_rate":0,"timestamp":1671206267,"path_taken":["M","M","$","M","M","R","E","?","T","R","M","E","R","M","R","BOSS","M","M","?","M","M","E"],"build_version":"2022-12-01","purchased_purges":1,"victory":false,"max_hp_per_floor":[72,72,72,72,72,72,72,72,72,72,72,72,72,72,72,72,72,72,72,72,72,72,72],"card_choices":[{"not_picked":["EmptyBody","FollowUp"],"picked":"Consecrate","floor":1},{"not_picked":["SashWhip","SandsOfTime"],"picked":"FlurryOfBlows","floor":2},{"not_picked":["Prostrate","Weave"],"picked":"CutThroughFate","floor":4},{"not_picked":["EmptyBody","Pray"],"picked":"MentalFortress","floor":5},{"not_picked":["Protect","WaveOfTheHand"],"picked":"Halt","floor":7},{"not_picked":["CutThroughFate","WindmillStrike"],"picked":"ThirdEye","floor":11},{"not_picked":["Wish+1","FlurryOfBlows"],"picked":"ClearTheMind+1","floor":12},{"not_picked":["Halt+1","EmptyBody+1"],"picked":"FlurryOfBlows","floor":14},{"not_picked":["LessonLearned","Omniscience+1"],"picked":"Alpha+1","floor":16},{"not_picked":["Crescendo+1","Consecrate"],"picked":"Weave","floor":18},{"not_picked":["ReachHeaven+1","FollowUp"],"picked":"Halt+1","floor":19},{"not_picked":["Prostrate+1","ThirdEye+1"],"picked":"Crescendo+1","floor":21},{"not_picked":["SignatureMove","Protect+1"],"picked":"SandsOfTime","floor":22}],"player_experience":1373693,"relics_obtained":[{"floor":7,"key":"Oddly Smooth Stone"},{"floor":9,"key":"Nunchaku"},{"floor":12,"key":"Toxic Egg 2"}],"event_choices":[{"damage_healed":0,"gold_gain":0,"player_choice":"Forge","damage_taken":0,"max_hp_gain":0,"max_hp_loss":0,"event_name":"Accursed Blacksmith","floor":8,"gold_loss":0,"cards_upgraded":["Eruption"]},{"cards_removed":["Alpha"],"damage_healed":0,"gold_gain":0,"player_choice":"Take \u0026 Give","damage_taken":0,"max_hp_gain":0,"max_hp_loss":0,"event_name":"betterNote:BetterNote","floor":20,"gold_loss":0,"cards_obtained":["LessonLearned"]}],"is_beta":false,"boss_relics":[{"not_picked":["Snecko Eye","Ectoplasm"],"picked":"Sozu"}],"items_purged_floors":[3],"is_endless":false,"potions_floor_spawned":[4,5,7,11,16,22],"killed_by":"Slavers","ascension_level":10}