{"gold_per_floor":[112,8,21,35,48,48,74,74,74,108,123,123,148,148,148,252,252,264,282,282,282,294,294,62,62,62,95,95,112,145,159,159,255,255,267,267,317,317],"floor_reached":38,"playtime":2096,"items_purged":["Doubt"],"score":531,"play_id":"5c75a4b7-5838-48c7-83cd-2c0e7d9b9d5b","local_time":"20221216202812","is_ascension_mode":true,"campfire_choices":[{"data":"Eruption","floor":6.0,"key":"SMITH"},{"data":"Fasting2","floor":8.0,"key":"SMITH"},{"data":"SandsOfTime","floor":12.0,"key":"SMITH"},{"floor":15.0,"key":"REST"},{"data":"Vigilance","floor":23.0,"key":"SMITH"},{"data":"SpiritShield","floor":25.0,"key":"SMITH"},{"data":"Vault","floor":28.0,"key":"SMITH"},{"data":"Weave","floor":32,"key":"SMITH"}],"neow_cost":"NONE","seed_source_timestamp":18762594321400,"circlet_count":0,"master_deck":["Strike_P+1","Strike_P+1","Defend_P+1","Defend_P+1","Defend_P+1","Eruption+1","Vigilance+1","ReachHeaven","Indignation","Protect","SandsOfTime+1","Sanctity","WheelKick","Fasting2+1","Tantrum","SignatureMove","ThirdEye","Vault+1","Meditate+1","BowlingBash+1","Wish+1","CutThroughFate+1","FlyingSleeves+1","EmptyFist","SpiritShield+1","Doubt","Weave+1","LikeWater+1","Nirvana+1","EmptyBody","Omniscience","CurseOfTheBell","FlurryOfBlows","Metamorphosis","Panacea"],"special_seed":0,"relics":["Cursed Key","Orichalcum","Eternal Feather","Sundial","Ginger","Astrolabe","Lizard Tail","Frozen Egg 2","Bottled Flame","Calling Bell","Nunchaku","The Courier","Calipers","GoldenEye"],"potions_floor_usage":[30,33,37],"damage_taken":[{"damage":17.0,"enemies":"Jaw Worm","floor":1.0,"turns":2.0},{"damage":0.0,"enemies":"Cultist","floor":3.0,"turns":2.0},{"damage":0.0,"enemies":"Small Slimes","floor":4.0,"turns":3.0},{"damage":2.0,"enemies":"3 Louse","floor":5.0,"turns":3.0},{"damage":16.0,"enemies":"Gremlin Nob","floor":7.0,"turns":3.0},{"damage":15.0,"enemies":"3 Sentries","floor":10.0,"turns":8.0},{"damage":0.0,"enemies":"Looter","floor":11.0,"turns":3.0},{"damage":22.0,"enemies":"Gremlin Nob","floor":13.0,"turns":3.0},{"damage":0.0,"enemies":"The Guardian","floor":16.0,"turns":8.0},{"damage":16.0,"enemies":"2 Thieves","floor":18.0,"turns":3.0},{"damage":0.0,"enemies":"3 Byrds","floor":19.0,"turns":3.0},{"damage":6.0,"enemies":"Cultist and Chosen","floor":22.0,"turns":4.0},{"damage":28.0,"enemies":"Slavers","floor":27.0,"turns":5.0},{"damage":5,"enemies":"Snake Plant","floor":29,"turns":4},{"damage":16,"enemies":"Gremlin Leader","floor":30,"turns":7},{"damage":5,"enemies":"Sentry and Sphere","floor":31,"turns":5},{"damage":5,"enemies":"Automaton","floor":33,"turns":9},{"damage":9,"enemies":"3 Shapes","floor":35,"turns":4},{"damage":49,"enemies":"2 Orb Walkers","floor":37,"turns":4}],"seed_played":"-6367120381034324821","potions_obtained":[{"floor":4.0,"key":"SkillPotion"},{"floor":10.0,"key":"DuplicationPotion"},{"floor":13.0,"key":"ColorlessPotion"},{"floor":16.0,"key":"DuplicationPotion"},{"floor":22.0,"key":"ColorlessPotion"},{"floor":27.0,"key":"SteroidPotion"},{"floor":29,"key":"Swift Potion"},{"floor":30,"key":"FearPotion"},{"floor":37,"key":"SteroidPotion"}],"is_trial":false,"path_per_floor":["M","$","M","M","M","R","E","R","T","E","M","R","E","?","R","B",null,"M","M","?","?","M","R","$","R","T","E","R","M","E","M","R","B",null,"M","?","?","?"],"character_chosen":"WATCHER","items_purchased":["Indignation","Protect","SpiritShield","Finesse"],"campfire_rested":1,"item_purchase_floors":[2,2,24,24],"current_hp_per_floor":[55,55,55,55,53,53,37,37,37,22,22,34,12,12,45,45,72,56,56,56,56,50,65,65,72,72,44,59,54,38,33,51,46,72,63,63,14,9],"gold":317,"neow_bonus":"BOSS_RELIC","is_prod":false,"is_daily":false,"chose_seed":false,"campfire_upgraded":7,"win_rate":0,"timestamp":1671240492,"path_taken":["M","$","M","M","M","R","E","R","T","E","M","R","E","?","R","BOSS","M","M","?","?","M","R","$","R","T","E","R","M","E","M","R","BOSS","M","?","?","?"],"build_version":"2022-12-01","purchased_purges":1,"victory":false,"max_hp_per_floor":[72,72,72,72,72,72,72,72,72,72,72,72,72,72,72,72,72,72,72,72,72,72,72,72,72,72,72,72,72,72,72,72,72,72,72,72,72,72],"card_choices":[{"not_picked":["FollowUp","Perseverance"],"picked":"ReachHeaven","floor":1.0},{"not_picked":["ThirdEye","BowlingBash"],"picked":"SandsOfTime","floor":3.0},{"not_picked":["FearNoEvil","Collect"],"picked":"Sanctity","floor":4.0},{"not_picked":["SashWhip","Weave"],"picked":"WheelKick","floor":5.0},{"not_picked":["BowlingBash","Nirvana"],"picked":"Fasting2","floor":7.0},{"not_picked":["Sanctity","FlyingSleeves"],"picked":"Tantrum","floor":10.0},{"not_picked":["Indignation","ThirdEye"],"picked":"SignatureMove","floor":11.0},{"not_picked":["Nirvana","Consecrate"],"picked":"ThirdEye","floor":13.0},{"not_picked":["Judgement","Devotion"],"picked":"Vault","floor":16.0},{"not_picked":["WaveOfTheHand","MentalFortress+1"],"picked":"CutThroughFate+1","floor":18.0},{"not_picked":["DeceiveReality","FearNoEvil+1"],"picked":"FlyingSleeves+1","floor":19.0},{"not_picked":["PathToVictory+1","CutThroughFate"],"picked":"EmptyFist","floor":22.0},{"not_picked":["Consecrate","Crescendo"],"picked":"Weave","floor":27.0},{"not_picked":["FlyingSleeves","EmptyBody+1"],"picked":"LikeWater+1","floor":29},{"not_picked":["FlyingSleeves","Conclude"],"picked":"Nirvana+1","floor":30},{"not_picked":["SandsOfTime","TalkToTheHand"],"picked":"EmptyBody","floor":31},{"not_picked":["LessonLearned","Vault"],"picked":"Omniscience","floor":33},{"not_picked":["Prostrate","PathToVictory","FollowUp"],"picked":"SKIP","floor":35},{"not_picked":["Evaluate+1","CrushJoints+1"],"picked":"FlurryOfBlows","floor":37},{"not_picked":["Enlightenment","Impatience"],"picked":"Metamorphosis","floor":38},{"not_picked":["Trip","Enlightenment"],"picked":"Panacea","floor":38}],"player_experience":1389279,"relics_obtained":[{"floor":7.0,"key":"Orichalcum"},{"floor":9.0,"key":"Eternal Feather"},{"floor":10.0,"key":"Sundial"},{"floor":13.0,"key":"Ginger"},{"floor":26.0,"key":"Lizard Tail"},{"floor":27.0,"key":"Frozen Egg 2"},{"floor":30,"key":"Bottled Flame"},{"floor":34,"key":"Nunchaku"},{"floor":34,"key":"The Courier"},{"floor":34,"key":"Calipers"},{"floor":37,"key":"GoldenEye"}],"event_choices":[{"cards_removed":["ReachHeaven"],"damage_healed":0.0,"max_hp_gain":0.0,"max_hp_loss":0.0,"gold_gain":0.0,"event_name":"betterNote:BetterNote","player_choice":"Give","floor":14.0,"gold_loss":0.0,"damage_taken":0.0,"cards_obtained":["None"]},{"damage_healed":0.0,"max_hp_gain":0.0,"max_hp_loss":0.0,"gold_gain":0.0,"event_name":"Vampires","player_choice":"Ignored","floor":20.0,"gold_loss":0.0,"damage_taken":0.0},{"damage_healed":0.0,"max_hp_gain":0.0,"max_hp_loss":0.0,"gold_gain":0.0,"event_name":"Back to Basics","player_choice":"Simplicity","floor":21.0,"gold_loss":0.0,"damage_taken":0.0,"cards_upgraded":["Strike_P","Strike_P","Defend_P","Defend_P","Defend_P"]},{"cards_removed":["Finesse"],"damage_healed":0,"gold_gain":0,"player_choice":"Removed Skill","damage_taken":0,"max_hp_gain":0,"max_hp_loss":0,"event_name":"Falling","floor":36,"gold_loss":0},{"damage_healed":0,"gold_gain":0,"player_choice":"Fight","damage_taken":0,"max_hp_gain":0,"max_hp_loss":0,"event_name":"Mysterious Sphere","floor":37,"gold_loss":0},{"damage_healed":0,"gold_gain":0,"player_choice":"Memory 2","damage_taken":5,"max_hp_gain":0,"max_hp_loss":0,"event_name":"SensoryStone","floor":38,"gold_loss":0}],"is_beta":false,"boss_relics":[{"not_picked":["Empty Cage","Black Star"],"picked":"Astrolabe"},{"not_picked":["Snecko Eye","Runic Dome"],"picked":"Calling Bell"}],"items_purged_floors":[24],"is_endless":false,"potions_floor_spawned":[4,10,13,16,22,27,29,30,37],"ascension_level":1}