{"gold_per_floor":[117,117,135,150,163,188,205,224,248,280,151,151,167,183,183,285,285,304,304,317,337,337,337],"floor_reached":23,"playtime":925,"items_purged":[],"score":426,"play_id":"f9a4f3b5-ed01-4891-b8e1-01cc460adbfd","local_time":"20221216111811","is_ascension_mode":true,"campfire_choices":[{"data":"PathToVictory","floor":12,"key":"SMITH"},{"floor":15,"key":"REST"}],"neow_cost":"NONE","seed_source_timestamp":204279309094900,"circlet_count":0,"master_deck":["AscendersBane","Strike_P","Strike_P","Strike_P","Strike_P","Defend_P","Defend_P","Defend_P","Defend_P","Eruption","Vigilance","PathToVictory+1","JustLucky","Judgement","SignatureMove","Weave","CutThroughFate","EmptyMind","Consecrate","PathToVictory","LessonLearned+1","Wireheading","Meditate","TalkToTheHand"],"special_seed":0,"relics":["PureWater","NeowsBlessing","Bag of Marbles","Juzu Bracelet","Anchor","Centennial Puzzle","Sozu"],"potions_floor_usage":[10,21,22],"damage_taken":[{"damage":0.0,"enemies":"2 Louse","floor":1.0,"turns":1.0},{"damage":0.0,"enemies":"Cultist","floor":3.0,"turns":1.0},{"damage":0.0,"enemies":"Small Slimes","floor":4.0,"turns":1.0},{"damage":0.0,"enemies":"2 Fungi Beasts","floor":5.0,"turns":3.0},{"damage":0.0,"enemies":"Gremlin Nob","floor":6.0,"turns":2.0},{"damage":0.0,"enemies":"Large Slime","floor":7.0,"turns":1.0},{"damage":11.0,"enemies":"Exordium Thugs","floor":8.0,"turns":2.0},{"damage":20,"enemies":"Lagavulin","floor":10,"turns":6},{"damage":0,"enemies":"Exordium Wildlife","floor":13,"turns":1},{"damage":0,"enemies":"2 Fungi Beasts","floor":14,"turns":2},{"damage":0,"enemies":"Slime Boss","floor":16,"turns":5},{"damage":1,"enemies":"2 Thieves","floor":18,"turns":2},{"damage":18,"enemies":"3 Byrds","floor":20,"turns":3},{"damage":24,"enemies":"Snake Plant","floor":21,"turns":4},{"damage":14,"enemies":"Centurion and Healer","floor":22,"turns":3},{"damage":18,"enemies":"Gremlin Leader","floor":23,"turns":3}],"seed_played":"-313234721472184602","potions_obtained":[{"floor":2.0,"key":"Strength Potion"},{"floor":2.0,"key":"SteroidPotion"},{"floor":2.0,"key":"DistilledChaos"},{"floor":8.0,"key":"LiquidBronze"},{"floor":14,"key":"Dexterity Potion"},{"floor":16,"key":"SmokeBomb"}],"is_trial":false,"path_per_floor":["M","?","M","M","M","E","M","M","T","E","?","R","M","M","R","B",null,"M","?","M","M","M","E"],"character_chosen":"WATCHER","items_purchased":[],"campfire_rested":1,"item_purchase_floors":[],"current_hp_per_floor":[65,65,65,65,65,65,65,54,54,34,34,34,34,34,55,55,68,67,67,49,25,11,0],"gold":337,"neow_bonus":"THREE_ENEMY_KILL","is_prod":false,"is_daily":false,"chose_seed":false,"campfire_upgraded":1,"win_rate":0,"timestamp":1671207491,"path_taken":["M","?","M","M","M","E","M","M","T","E","?","R","M","M","R","BOSS","M","?","M","M","M","E"],"build_version":"2022-12-01","purchased_purges":0,"victory":false,"max_hp_per_floor":[72,72,72,72,72,72,72,72,72,72,72,72,72,72,72,72,72,72,72,72,72,72,72],"card_choices":[{"not_picked":["FlyingSleeves","Consecrate"],"picked":"PathToVictory","floor":1.0},{"not_picked":["TalkToTheHand","ThirdEye"],"picked":"JustLucky","floor":3.0},{"not_picked":["Prostrate","EmptyBody"],"picked":"Judgement","floor":4.0},{"not_picked":["CrushJoints","Prostrate"],"picked":"SignatureMove","floor":5.0},{"not_picked":["EmptyBody","MasterReality"],"picked":"Weave","floor":6.0},{"not_picked":["Consecrate","Crescendo"],"picked":"CutThroughFate","floor":7.0},{"not_picked":["SashWhip","EmptyFist","FollowUp"],"picked":"SKIP","floor":8.0},{"not_picked":["MasterReality","SignatureMove"],"picked":"EmptyMind","floor":10},{"not_picked":["TalkToTheHand","Perseverance"],"picked":"Consecrate","floor":13},{"not_picked":["EmptyBody","Tantrum"],"picked":"PathToVictory","floor":14},{"not_picked":["ConjureBlade","Vault"],"picked":"LessonLearned","floor":16},{"not_picked":["Evaluate+1","Consecrate"],"picked":"Wireheading","floor":18},{"not_picked":["Consecrate+1","Evaluate+1"],"picked":"Meditate","floor":20},{"not_picked":["EmptyBody+1","Wallop"],"picked":"TalkToTheHand","floor":21}],"player_experience":1373693,"relics_obtained":[{"floor":6.0,"key":"Bag of Marbles"},{"floor":9.0,"key":"Juzu Bracelet"},{"floor":10,"key":"Anchor"}],"event_choices":[{"damage_healed":0.0,"max_hp_gain":0.0,"max_hp_loss":0.0,"gold_gain":0.0,"event_name":"Lab","player_choice":"Got Potions","floor":2.0,"gold_loss":0.0,"damage_taken":0.0},{"damage_healed":0,"gold_gain":0,"player_choice":"Paid Gold","damage_taken":0,"relics_obtained":["Centennial Puzzle"],"max_hp_gain":0,"max_hp_loss":0,"event_name":"WeMeetAgain","floor":11,"gold_loss":129},{"cards_removed":["Judgement"],"damage_healed":0,"gold_gain":0,"player_choice":"Give","damage_taken":0,"max_hp_gain":0,"max_hp_loss":0,"event_name":"betterNote:BetterNote","floor":19,"gold_loss":0,"cards_obtained":["Alpha"]}],"is_beta":false,"boss_relics":[{"not_picked":["Coffee Dripper","Calling Bell"],"picked":"Sozu"}],"items_purged_floors":[],"is_endless":false,"potions_floor_spawned":[4,5,8,14,16,21,22],"killed_by":"Gremlin Leader","ascension_level":10}