{"gold_per_floor":[110,60,60,75,86,106,134,6,85,85,32,47,47],"floor_reached":13,"playtime":721,"items_purged":["Strike_P"],"score":128,"play_id":"442620f3-9921-4594-822b-639e25e77dba","local_time":"20221216103039","is_ascension_mode":true,"campfire_choices":[{"floor":10,"key":"REST"}],"neow_cost":"NONE","seed_source_timestamp":201657135154400,"circlet_count":0,"master_deck":["AscendersBane","Strike_P","Strike_P","Strike_P","Defend_P","Defend_P","Defend_P","Eruption","Vigilance","EmptyBody","Meditate","MentalFortress","FlurryOfBlows","EmptyBody","ClearTheMind","CutThroughFate","Indignation"],"special_seed":0,"relics":["SacredBark","Torii","InkBottle"],"potions_floor_usage":[5,7],"damage_taken":[{"damage":10,"enemies":"Cultist","floor":1,"turns":4},{"damage":1,"enemies":"Small Slimes","floor":4,"turns":4},{"damage":12,"enemies":"Jaw Worm","floor":5,"turns":6},{"damage":26,"enemies":"3 Louse","floor":6,"turns":4},{"damage":41,"enemies":"3 Sentries","floor":7,"turns":9},{"damage":2,"enemies":"Lots of Slimes","floor":12,"turns":5},{"damage":49,"enemies":"Gremlin Nob","floor":13,"turns":3}],"seed_played":"-3202445117334412494","potions_obtained":[{"floor":1,"key":"StancePotion"},{"floor":5,"key":"Fruit Juice"}],"is_trial":false,"path_per_floor":["M","?","?","M","M","M","E","$","T","R","$","M","E"],"character_chosen":"WATCHER","items_purchased":["ClearTheMind","CutThroughFate"],"campfire_rested":1,"item_purchase_floors":[8,11],"current_hp_per_floor":[55,55,72,71,59,33,2,2,2,26,26,24,0],"gold":47,"neow_bonus":"BOSS_RELIC","is_prod":false,"is_daily":false,"chose_seed":false,"campfire_upgraded":0,"win_rate":0,"timestamp":1671204639,"path_taken":["M","?","?","M","M","M","E","$","T","R","?","M","E"],"build_version":"2022-12-01","purchased_purges":1,"victory":false,"max_hp_per_floor":[72,72,72,72,72,72,82,82,82,82,82,82,82],"card_choices":[{"not_picked":["Collect","Wireheading"],"picked":"EmptyBody","floor":1},{"not_picked":["CrushJoints","Evaluate"],"picked":"Meditate","floor":4},{"not_picked":["CrushJoints","SignatureMove"],"picked":"MentalFortress","floor":5},{"not_picked":["Protect","Wireheading"],"picked":"FlurryOfBlows","floor":6},{"not_picked":["Crescendo","Halt"],"picked":"EmptyBody","floor":7},{"not_picked":["CrushJoints","Wish"],"picked":"Indignation","floor":12}],"player_experience":1373693,"relics_obtained":[{"floor":7,"key":"Torii"},{"floor":9,"key":"InkBottle"}],"event_choices":[{"cards_removed":["Defend_P"],"damage_healed":0,"gold_gain":0,"player_choice":"Card Removal","damage_taken":0,"max_hp_gain":0,"max_hp_loss":0,"event_name":"The Cleric","floor":2,"gold_loss":50},{"damage_healed":24,"gold_gain":0,"player_choice":"Banana","damage_taken":0,"max_hp_gain":0,"max_hp_loss":0,"event_name":"Big Fish","floor":3,"gold_loss":0}],"is_beta":false,"boss_relics":[],"items_purged_floors":[8],"is_endless":false,"potions_floor_spawned":[1,5],"killed_by":"Gremlin Nob","ascension_level":10}