{"gold_per_floor":[112,126,126,126,149,189,189,227,254,266,293,305,350,144,144,274,274,295,319,332,355,111,111,144,144,225,245,259,293,293,52,52,178,178,191,209,230,6,6,6,44,44,44,77,95,130,149,149,149,149],"floor_reached":51,"playtime":3355,"items_purged":["Strike_P","Defend_P","Strike_P","Defend_P"],"score":991,"play_id":"4fccc12f-3868-4932-b94a-78b050bb56ba","local_time":"20221218092005","is_ascension_mode":true,"campfire_choices":[{"data":"Eruption","floor":7.0,"key":"SMITH"},{"data":"Scrawl","floor":10.0,"key":"SMITH"},{"floor":12.0,"key":"REST"},{"floor":15.0,"key":"REST"},{"floor":23,"key":"REST"},{"data":"Apotheosis","floor":25,"key":"SMITH"},{"data":"Thinking Ahead","floor":32,"key":"SMITH"},{"floor":40,"key":"RECALL"},{"floor":42,"key":"REST"},{"data":"ReachHeaven","floor":49,"key":"SMITH"}],"neow_cost":"NONE","seed_source_timestamp":159141082491200,"circlet_count":0,"master_deck":["Strike_P","Defend_P","Defend_P","Eruption+1","Vigilance","TalkToTheHand","Crescendo","CutThroughFate","FlurryOfBlows","Scrawl+1","ReachHeaven+1","MentalFortress","Apotheosis+1","FlurryOfBlows","ClearTheMind","Conclude","Study+1","LikeWater","EmptyFist","Consecrate+1","ClearTheMind+1","SpiritShield+1","FlurryOfBlows","JustLucky+1"],"special_seed":0,"relics":["PureWater","NeowsBlessing","Golden Idol","Smiling Mask","Bronze Scales","MawBank","Boot","VioletLotus","Bag of Preparation","Happy Flower","InkBottle","White Beast Statue","Runic Pyramid","Chemical X","Anchor","Orichalcum","Yang","War Paint","Shuriken"],"potions_floor_usage":[24,29,29,47,50],"damage_taken":[{"damage":0.0,"enemies":"2 Louse","floor":1.0,"turns":2.0},{"damage":0.0,"enemies":"Jaw Worm","floor":2.0,"turns":1.0},{"damage":0.0,"enemies":"Cultist","floor":5.0,"turns":1.0},{"damage":0.0,"enemies":"Lagavulin","floor":6.0,"turns":5.0},{"damage":31.0,"enemies":"3 Sentries","floor":8.0,"turns":7.0},{"damage":0.0,"enemies":"Gremlin Gang","floor":11.0,"turns":2.0},{"damage":0.0,"enemies":"Gremlin Nob","floor":13.0,"turns":2.0},{"damage":12.0,"enemies":"The Guardian","floor":16.0,"turns":5.0},{"damage":20.0,"enemies":"3 Byrds","floor":18.0,"turns":3.0},{"damage":0.0,"enemies":"Chosen","floor":19.0,"turns":3.0},{"damage":14,"enemies":"Sentry and Sphere","floor":20,"turns":3},{"damage":4,"enemies":"Snecko","floor":21,"turns":3},{"damage":4,"enemies":"Book of Stabbing","floor":24,"turns":2},{"damage":0,"enemies":"Centurion and Healer","floor":27,"turns":3},{"damage":0,"enemies":"Snake Plant","floor":28,"turns":2},{"damage":2,"enemies":"Slavers","floor":29,"turns":3},{"damage":2,"enemies":"Champ","floor":33,"turns":6},{"damage":0,"enemies":"3 Shapes","floor":35,"turns":2},{"damage":0,"enemies":"3 Darklings","floor":36,"turns":3},{"damage":19,"enemies":"Writhing Mass","floor":37,"turns":4},{"damage":0,"enemies":"Nemesis","floor":41,"turns":3},{"damage":0,"enemies":"Giant Head","floor":44,"turns":3},{"damage":0,"enemies":"Sphere and 2 Shapes","floor":45,"turns":2},{"damage":0,"enemies":"Nemesis","floor":46,"turns":3},{"damage":0,"enemies":"4 Shapes","floor":47,"turns":1},{"damage":24,"enemies":"Awakened One","floor":50,"turns":7}],"seed_played":"9100330425073430589","potions_obtained":[{"floor":1.0,"key":"BlessingOfTheForge"},{"floor":5.0,"key":"BlessingOfTheForge"},{"floor":8.0,"key":"Energy Potion"},{"floor":11.0,"key":"BottledMiracle"},{"floor":21,"key":"StancePotion"},{"floor":24,"key":"Block Potion"},{"floor":28,"key":"Regen Potion"},{"floor":33,"key":"PowerPotion"},{"floor":35,"key":"SteroidPotion"},{"floor":36,"key":"SpeedPotion"},{"floor":41,"key":"Swift Potion"},{"floor":47,"key":"Energy Potion"}],"is_trial":false,"path_per_floor":["M","M","?","?","M","E","R","E","T","R","M","R","E","$","R","B",null,"M","M","M","M","$","R","E","R","T","M","M","E","?","$","R","B",null,"M","M","M","$","?","R","E","R","T","E","M","E","M","?","R","B",null],"character_chosen":"WATCHER","items_purchased":["Apotheosis","LikeWater","Bag of Preparation","Thinking Ahead","FlurryOfBlows","Chemical X"],"campfire_rested":4,"item_purchase_floors":[14,22,22,31,38,38],"current_hp_per_floor":[72,72,65,47,47,47,47,16,16,16,16,37,37,37,58,46,72,52,52,38,34,34,55,51,51,51,51,51,58,58,58,58,56,72,72,72,53,53,53,53,53,72,72,72,72,72,72,72,72,48],"gold":149,"neow_bonus":"THREE_ENEMY_KILL","is_prod":false,"is_daily":false,"chose_seed":false,"campfire_upgraded":5,"win_rate":0,"timestamp":1671373205,"path_taken":["M","M","?","?","M","E","R","E","T","R","M","R","E","?","R","BOSS","M","?","M","?","$","R","E","R","T","M","M","E","?","$","R","BOSS","M","M","M","$","?","R","E","R","T","E","?","E","M","?","R","BOSS"],"build_version":"2022-12-01","purchased_purges":4,"victory":true,"max_hp_per_floor":[72,72,72,72,72,72,72,72,72,72,72,72,72,72,72,72,72,72,72,72,72,72,72,72,72,72,72,72,72,72,72,72,72,72,72,72,72,72,72,72,72,72,72,72,72,72,72,72,72,72],"card_choices":[{"not_picked":["Consecrate","Protect"],"picked":"TalkToTheHand","floor":1.0},{"not_picked":["SashWhip","JustLucky"],"picked":"Crescendo","floor":2.0},{"not_picked":["Conclude","Tantrum"],"picked":"CutThroughFate","floor":5.0},{"not_picked":["WheelKick","Vengeance"],"picked":"FlurryOfBlows","floor":6.0},{"not_picked":["FollowUp","Nirvana"],"picked":"Scrawl","floor":8.0},{"not_picked":["Protect","Consecrate"],"picked":"ReachHeaven","floor":11.0},{"not_picked":["CrushJoints","Prostrate"],"picked":"MentalFortress","floor":13.0},{"not_picked":["CrushJoints","WaveOfTheHand+1"],"picked":"FlurryOfBlows","floor":18.0},{"not_picked":["JustLucky","EmptyMind"],"picked":"ClearTheMind","floor":19.0},{"not_picked":["Collect","CutThroughFate+1"],"picked":"Conclude","floor":20},{"not_picked":["FlyingSleeves","BowlingBash"],"picked":"Study+1","floor":21},{"not_picked":["JustLucky","Nirvana"],"picked":"EmptyFist","floor":24},{"not_picked":["SashWhip","EmptyFist","WreathOfFlame"],"picked":"SKIP","floor":27},{"not_picked":["TalkToTheHand","Crescendo"],"picked":"Consecrate+1","floor":28},{"not_picked":["Perseverance+1","Devotion"],"picked":"ClearTheMind","floor":29},{"not_picked":["Judgement","ConjureBlade"],"picked":"SpiritShield","floor":33},{"not_picked":["LikeWater+1","TalkToTheHand","Crescendo+1"],"picked":"SKIP","floor":35},{"not_picked":["Prostrate+1","FollowUp+1","ThirdEye"],"picked":"SKIP","floor":36},{"not_picked":["Halt","CutThroughFate+1","Prostrate"],"picked":"SKIP","floor":37},{"not_picked":["Meditate","CrushJoints+1","Scrawl"],"picked":"SKIP","floor":41},{"not_picked":["Evaluate+1","TalkToTheHand"],"picked":"JustLucky+1","floor":44},{"not_picked":["EmptyMind","SignatureMove+1","JustLucky+1"],"picked":"SKIP","floor":45},{"not_picked":["WheelKick+1","CutThroughFate","Perseverance"],"picked":"SKIP","floor":46},{"not_picked":["Nirvana+1","Adaptation","EmptyFist+1"],"picked":"SKIP","floor":47}],"player_experience":1398826,"relics_obtained":[{"floor":6.0,"key":"Smiling Mask"},{"floor":8.0,"key":"Bronze Scales"},{"floor":9.0,"key":"MawBank"},{"floor":13.0,"key":"Boot"},{"floor":24,"key":"Happy Flower"},{"floor":26,"key":"InkBottle"},{"floor":29,"key":"White Beast Statue"},{"floor":41,"key":"Orichalcum"},{"floor":43,"key":"Yang"},{"floor":44,"key":"War Paint"},{"floor":46,"key":"Shuriken"}],"event_choices":[{"cards_removed":["Strike_P"],"damage_healed":0.0,"max_hp_gain":0.0,"max_hp_loss":0.0,"gold_gain":0.0,"event_name":"Golden Wing","player_choice":"Card Removal","floor":3.0,"gold_loss":0.0,"damage_taken":7.0},{"damage_healed":0.0,"max_hp_gain":0.0,"max_hp_loss":0.0,"gold_gain":0.0,"event_name":"Golden Idol","player_choice":"Take Damage","floor":4.0,"gold_loss":0.0,"damage_taken":18.0,"relics_obtained":["Golden Idol"]},{"damage_healed":0,"gold_gain":0,"player_choice":"Ignored","damage_taken":0,"max_hp_gain":0,"max_hp_loss":0,"event_name":"betterNote:BetterNote","floor":30,"gold_loss":0,"cards_obtained":["Fiend Fire"]},{"damage_healed":0,"gold_gain":0,"player_choice":"Gave Potion","damage_taken":0,"relics_obtained":["Anchor"],"max_hp_gain":0,"max_hp_loss":0,"event_name":"WeMeetAgain","floor":39,"gold_loss":0},{"cards_removed":["Thinking Ahead"],"damage_healed":0,"gold_gain":0,"player_choice":"Removed Skill","damage_taken":0,"max_hp_gain":0,"max_hp_loss":0,"event_name":"Falling","floor":48,"gold_loss":0}],"is_beta":false,"boss_relics":[{"not_picked":["Tiny House","Cursed Key"],"picked":"VioletLotus"},{"not_picked":["Calling Bell","Runic Dome"],"picked":"Runic Pyramid"}],"items_purged_floors":[14,22,31,38],"is_endless":false,"potions_floor_spawned":[1,5,8,11,21,24,28,33,35,36,37,41,44,45,46,47],"ascension_level":1}