{"gold_per_floor":[115,1,21,32,42,68,83,83,83,83,115,135,163,180,180,282,282,300,300,315,4,4,38,38,72,72,88,108,108,8,22,22,22],"floor_reached":33,"playtime":1668,"items_purged":["Defend_P"],"score":564,"play_id":"8f15970b-b4c6-4814-b641-abc71d90e4d8","local_time":"20221216114604","is_ascension_mode":true,"campfire_choices":[{"data":"Vault","floor":8,"key":"SMITH"},{"data":"MentalFortress","floor":10,"key":"SMITH"},{"floor":15,"key":"REST"},{"data":"SpiritShield","floor":24,"key":"SMITH"},{"floor":29,"key":"REST"},{"floor":32,"key":"REST"}],"neow_cost":"NONE","seed_source_timestamp":205234003873100,"circlet_count":0,"master_deck":["AscendersBane","Strike_P","Strike_P+1","Strike_P","Defend_P","Defend_P","Defend_P","Eruption+1","Vigilance","Dramatic Entrance","FlurryOfBlows","MentalFortress+1","InnerPeace","Vault+1","FlurryOfBlows","Meditate","CarveReality","Evaluate","BattleHymn+1","SpiritShield+1","Tantrum","Establishment","FlurryOfBlows","Brilliance","ThirdEye+1","FlurryOfBlows","FlurryOfBlows+1","Vengeance","MasterReality"],"special_seed":0,"relics":["PureWater","CaptainsWheel","Whetstone","Pen Nib","White Beast Statue","VioletLotus","HandDrill","StoneCalendar","Sundial","Bottled Tornado","PreservedInsect"],"potions_floor_usage":[11,13,16,18,20,23,23,25,28,33,33,33],"damage_taken":[{"damage":0,"enemies":"Jaw Worm","floor":1,"turns":3},{"damage":2,"enemies":"2 Louse","floor":3,"turns":2},{"damage":0,"enemies":"Cultist","floor":4,"turns":2},{"damage":3,"enemies":"3 Louse","floor":5,"turns":4},{"damage":2,"enemies":"3 Sentries","floor":6,"turns":6},{"damage":13,"enemies":"Blue Slaver","floor":7,"turns":2},{"damage":8,"enemies":"Lagavulin","floor":11,"turns":6},{"damage":0,"enemies":"2 Fungi Beasts","floor":12,"turns":3},{"damage":5,"enemies":"3 Sentries","floor":13,"turns":4},{"damage":8,"enemies":"Exordium Thugs","floor":14,"turns":3},{"damage":0,"enemies":"Slime Boss","floor":16,"turns":6},{"damage":7,"enemies":"Chosen","floor":18,"turns":5},{"damage":0,"enemies":"2 Thieves","floor":20,"turns":3},{"damage":23,"enemies":"Slavers","floor":23,"turns":4},{"damage":2,"enemies":"Gremlin Leader","floor":25,"turns":5},{"damage":0,"enemies":"Sentry and Sphere","floor":27,"turns":4},{"damage":12,"enemies":"Snecko","floor":28,"turns":3},{"damage":17,"enemies":"Centurion and Healer","floor":31,"turns":5},{"damage":56,"enemies":"Champ","floor":33,"turns":7}],"seed_played":"6244130676342446777","potions_obtained":[{"floor":5,"key":"Ancient Potion"},{"floor":7,"key":"ColorlessPotion"},{"floor":12,"key":"DistilledChaos"},{"floor":14,"key":"DistilledChaos"},{"floor":16,"key":"Ancient Potion"},{"floor":18,"key":"Ambrosia"},{"floor":20,"key":"StancePotion"},{"floor":23,"key":"PowerPotion"},{"floor":25,"key":"Ancient Potion"},{"floor":27,"key":"PowerPotion"},{"floor":28,"key":"LiquidBronze"},{"floor":31,"key":"Energy Potion"}],"is_trial":false,"path_per_floor":["M","$","M","M","M","E","M","R","T","R","E","M","E","M","R","B",null,"M","?","M","$","?","E","R","E","T","M","M","R","?","M","R","B"],"character_chosen":"WATCHER","items_purchased":["MentalFortress","InnerPeace","HandDrill","Brilliance"],"campfire_rested":3,"item_purchase_floors":[2,2,21,21],"current_hp_per_floor":[65,65,63,63,60,58,45,45,45,45,37,37,32,24,45,45,65,58,58,58,58,58,35,35,33,33,33,21,42,42,25,46,0],"gold":22,"neow_bonus":"RANDOM_COLORLESS","is_prod":false,"is_daily":false,"chose_seed":false,"campfire_upgraded":3,"win_rate":0,"timestamp":1671209164,"path_taken":["M","$","M","M","M","E","M","R","T","R","E","M","E","M","R","BOSS","M","?","?","$","?","E","R","E","T","M","M","R","?","M","R","BOSS"],"build_version":"2022-12-01","purchased_purges":1,"victory":false,"max_hp_per_floor":[72,72,72,72,72,72,72,72,72,72,72,72,72,72,72,72,72,72,72,72,72,72,72,72,72,72,72,72,72,72,72,72,72],"card_choices":[{"not_picked":["Trip","Swift Strike"],"picked":"Dramatic Entrance","floor":0},{"not_picked":["Pray","ThirdEye"],"picked":"FlurryOfBlows","floor":1},{"not_picked":["ForeignInfluence","BowlingBash"],"picked":"Vault","floor":3},{"not_picked":["Consecrate","WaveOfTheHand"],"picked":"FlurryOfBlows","floor":4},{"not_picked":["FollowUp","SashWhip"],"picked":"Meditate","floor":5},{"not_picked":["SashWhip","Wish"],"picked":"CarveReality","floor":6},{"not_picked":["SashWhip","ForeignInfluence"],"picked":"Evaluate","floor":7},{"not_picked":["Prostrate","TalkToTheHand"],"picked":"BattleHymn","floor":11},{"not_picked":["Sanctity","InnerPeace","EmptyMind"],"picked":"SKIP","floor":12},{"not_picked":["JustLucky","Halt"],"picked":"SpiritShield","floor":13},{"not_picked":["Evaluate","EmptyBody"],"picked":"Tantrum","floor":14},{"not_picked":["Devotion","LessonLearned"],"picked":"Establishment","floor":16},{"not_picked":["Indignation","CutThroughFate"],"picked":"FlurryOfBlows","floor":18},{"not_picked":["CutThroughFate+1","EmptyBody","WreathOfFlame"],"picked":"SKIP","floor":20},{"not_picked":["TalkToTheHand","EmptyBody"],"picked":"ThirdEye+1","floor":23},{"not_picked":["Tantrum","Sanctity"],"picked":"FlurryOfBlows","floor":25},{"not_picked":["ThirdEye","ForeignInfluence"],"picked":"FlurryOfBlows+1","floor":27},{"not_picked":["Consecrate+1","PathToVictory"],"picked":"Vengeance","floor":28},{"not_picked":["Nirvana","WreathOfFlame"],"picked":"MasterReality","floor":31}],"player_experience":1373693,"relics_obtained":[{"floor":6,"key":"CaptainsWheel"},{"floor":9,"key":"Whetstone"},{"floor":11,"key":"Pen Nib"},{"floor":13,"key":"White Beast Statue"},{"floor":23,"key":"StoneCalendar"},{"floor":25,"key":"Sundial"},{"floor":26,"key":"Bottled Tornado"}],"event_choices":[{"cards_removed":["Strike_P"],"damage_healed":0,"gold_gain":0,"player_choice":"Offered Basic","damage_taken":0,"max_hp_gain":0,"max_hp_loss":0,"event_name":"Bonfire Elementals","floor":19,"gold_loss":0},{"damage_healed":0,"gold_gain":0,"player_choice":"Forge","damage_taken":0,"max_hp_gain":0,"max_hp_loss":0,"event_name":"Accursed Blacksmith","floor":22,"gold_loss":0,"cards_upgraded":["BattleHymn"]},{"damage_healed":0,"gold_gain":0,"player_choice":"Paid Gold","damage_taken":0,"relics_obtained":["PreservedInsect"],"max_hp_gain":0,"max_hp_loss":0,"event_name":"WeMeetAgain","floor":30,"gold_loss":100}],"is_beta":false,"boss_relics":[{"not_picked":["Ectoplasm","Calling Bell"],"picked":"VioletLotus"}],"items_purged_floors":[21],"is_endless":false,"potions_floor_spawned":[5,7,12,14,16,18,20,23,25,27,28,31],"killed_by":"Champ","ascension_level":10}