{"gold_per_floor":[117,131,144,144,13,44,57,86,86,106,106,132,132,166,166,289,289,305,305,324,249,98,98,138,138,138,178,93,146,222,247,247,367,367,388,224,243,264,264,264,295,295,295,94,455,469,469,484,484,484],"floor_reached":51,"playtime":4436,"items_purged":["Strike_P+1"],"score":1262,"play_id":"bc815a89-4ca0-4713-9180-3ab2090759c9","local_time":"20221216094118","is_ascension_mode":true,"campfire_choices":[{"data":"Eruption","floor":11.0,"key":"SMITH"},{"floor":15.0,"key":"REST"},{"data":"Scrawl","floor":23.0,"key":"SMITH"},{"floor":25.0,"key":"REST"},{"floor":32.0,"key":"REST"},{"data":"Devotion","floor":40.0,"key":"SMITH"},{"data":"Corruption","floor":49,"key":"SMITH"}],"neow_cost":"PERCENT_DAMAGE","seed_source_timestamp":194892409424600,"circlet_count":0,"master_deck":["AscendersBane","Defend_P+1","Defend_P","Defend_P","Eruption+1","Vigilance","LessonLearned+1","BowlingBash+1","CutThroughFate+1","Prostrate+1","Conclude","ClearTheMind+1","Weave+1","CutThroughFate+1","Scrawl+1","Halt","JustLucky","Adaptation","Devotion+1","CutThroughFate","Corruption+1","Wireheading","Indignation","Wallop","FearNoEvil+1","Evaluate","Brilliance+1","Prostrate+1","Study+1","CutThroughFate","MentalFortress+1","FlurryOfBlows","Indignation","ThirdEye","SpiritShield"],"special_seed":0,"relics":["PureWater","Shuriken","Lantern","Pear","TungstenRod","Golden Idol","Sundial","Empty Cage","Akabeko","Centennial Puzzle","Toy Ornithopter","Frozen Egg 2","PreservedInsect","Bottled Tornado","SlaversCollar","StrikeDummy","Pen Nib","ClockworkSouvenir","Old Coin"],"potions_floor_usage":[48,50],"damage_taken":[{"damage":7.0,"enemies":"Small Slimes","floor":1.0,"turns":4.0},{"damage":0.0,"enemies":"Cultist","floor":2.0,"turns":2.0},{"damage":0.0,"enemies":"2 Louse","floor":3.0,"turns":2.0},{"damage":8.0,"enemies":"3 Sentries","floor":6.0,"turns":5.0},{"damage":7.0,"enemies":"Large Slime","floor":7.0,"turns":4.0},{"damage":0.0,"enemies":"Gremlin Nob","floor":8.0,"turns":2.0},{"damage":0.0,"enemies":"Exordium Wildlife","floor":10.0,"turns":2.0},{"damage":12.0,"enemies":"Lagavulin","floor":12.0,"turns":5.0},{"damage":0.0,"enemies":"3 Sentries","floor":14.0,"turns":3.0},{"damage":0.0,"enemies":"Slime Boss","floor":16.0,"turns":3.0},{"damage":0.0,"enemies":"Chosen","floor":18.0,"turns":2.0},{"damage":8.0,"enemies":"Shell Parasite","floor":20.0,"turns":3.0},{"damage":26.0,"enemies":"Slavers","floor":24.0,"turns":3.0},{"damage":27.0,"enemies":"Book of Stabbing","floor":27.0,"turns":4.0},{"damage":1.0,"enemies":"Chosen and Byrds","floor":31.0,"turns":3.0},{"damage":23.0,"enemies":"Automaton","floor":33.0,"turns":6.0},{"damage":13.0,"enemies":"Orb Walker","floor":35.0,"turns":2.0},{"damage":17.0,"enemies":"3 Darklings","floor":37.0,"turns":3.0},{"damage":0.0,"enemies":"Maw","floor":38.0,"turns":5.0},{"damage":5.0,"enemies":"Reptomancer","floor":41.0,"turns":2.0},{"damage":27.0,"enemies":"2 Orb Walkers","floor":45.0,"turns":3.0},{"damage":7,"enemies":"Spire Growth","floor":46,"turns":4},{"damage":0,"enemies":"Jaw Worm Horde","floor":48,"turns":2},{"damage":18,"enemies":"Donu and Deca","floor":50,"turns":5}],"seed_played":"-6957725231163484613","potions_obtained":[{"floor":2.0,"key":"SpeedPotion"},{"floor":3.0,"key":"LiquidBronze"},{"floor":12.0,"key":"SkillPotion"},{"floor":16.0,"key":"ColorlessPotion"},{"floor":27.0,"key":"Energy Potion"},{"floor":31.0,"key":"SteroidPotion"},{"floor":33.0,"key":"Fire Potion"},{"floor":41.0,"key":"EntropicBrew"},{"floor":46,"key":"BlessingOfTheForge"},{"floor":48,"key":"Energy Potion"}],"is_trial":false,"path_per_floor":["M","M","M","?","$","E","M","E","T","M","R","E","?","E","R","B",null,"M","?","M","?","$","R","E","R","T","E","?","T","T","M","R","B",null,"M","$","M","M","?","R","E","?","T","$","?","M","?","M","R","B",null],"character_chosen":"WATCHER","items_purchased":["Conclude","ClearTheMind","Indignation","Wallop","Study+1","CutThroughFate","FlurryOfBlows","ClockworkSouvenir"],"campfire_rested":3,"item_purchase_floors":[5,5,22,22,36,36,44,44],"current_hp_per_floor":[40,40,40,40,40,32,25,25,35,35,35,23,23,23,45,45,68,68,68,60,60,60,60,34,56,56,29,29,29,29,33,55,37,66,53,53,41,41,41,41,36,36,36,36,24,17,66,66,66,53],"gold":484,"neow_bonus":"THREE_RARE_CARDS","is_prod":false,"is_daily":false,"chose_seed":false,"campfire_upgraded":4,"win_rate":0,"timestamp":1671201678,"path_taken":["M","M","M","?","$","E","?","E","T","M","R","E","?","E","R","BOSS","M","?","M","?","$","R","E","R","T","E","?","?","?","M","R","BOSS","M","$","M","M","?","R","E","?","T","$","?","M","?","M","R","BOSS"],"build_version":"2022-12-01","purchased_purges":1,"victory":true,"max_hp_per_floor":[72,72,72,72,72,72,72,72,82,82,82,82,76,76,76,76,76,76,76,76,76,76,76,76,76,76,76,76,76,76,76,76,76,76,76,76,76,76,76,76,76,76,76,76,76,76,66,66,66,66],"card_choices":[{"not_picked":["Omniscience","Wish"],"picked":"LessonLearned","floor":0.0},{"not_picked":["EmptyBody","EmptyFist"],"picked":"BowlingBash","floor":1.0},{"not_picked":["CrushJoints","BattleHymn"],"picked":"CutThroughFate","floor":2.0},{"not_picked":["DeceiveReality","Evaluate"],"picked":"Prostrate","floor":3.0},{"not_picked":["Halt","TalkToTheHand"],"picked":"Weave","floor":6.0},{"not_picked":["Consecrate","Evaluate"],"picked":"CutThroughFate","floor":7.0},{"not_picked":["EmptyBody","CarveReality"],"picked":"Scrawl","floor":8.0},{"not_picked":["BowlingBash","SandsOfTime"],"picked":"Halt","floor":10.0},{"not_picked":["SashWhip","CrushJoints"],"picked":"JustLucky","floor":12.0},{"not_picked":["Worship","Judgement"],"picked":"Adaptation","floor":14.0},{"not_picked":["Scrawl","Alpha"],"picked":"Devotion","floor":16.0},{"not_picked":["CrushJoints","FlyingSleeves"],"picked":"CutThroughFate","floor":18.0},{"not_picked":["SandsOfTime","Fasting2"],"picked":"Wireheading","floor":20.0},{"not_picked":["Perseverance","ClearTheMind"],"picked":"FearNoEvil+1","floor":24.0},{"not_picked":["Scrawl","EmptyFist"],"picked":"Worship","floor":27.0},{"not_picked":["BowlingBash","SashWhip","Evaluate"],"picked":"SKIP","floor":31.0},{"not_picked":["BowlingBash","SashWhip"],"picked":"Evaluate","floor":31.0},{"not_picked":["DevaForm+1","Establishment+1"],"picked":"Brilliance","floor":33.0},{"not_picked":["ClearTheMind","Consecrate"],"picked":"Prostrate+1","floor":35.0},{"not_picked":["Protect+1","Consecrate","FollowUp"],"picked":"SKIP","floor":37.0},{"not_picked":["EmptyFist+1","BowlingBash"],"picked":"MentalFortress+1","floor":38.0},{"not_picked":["Evaluate+1","Wallop","WindmillStrike"],"picked":"SKIP","floor":41.0},{"not_picked":["BattleHymn+1","FollowUp+1"],"picked":"Indignation","floor":45.0},{"not_picked":["CarveReality","Adaptation+1"],"picked":"ThirdEye","floor":46},{"not_picked":["FlyingSleeves","CrushJoints"],"picked":"SpiritShield","floor":48}],"player_experience":1373693,"relics_obtained":[{"floor":6.0,"key":"Shuriken"},{"floor":8.0,"key":"Lantern"},{"floor":9.0,"key":"Pear"},{"floor":12.0,"key":"TungstenRod"},{"floor":14.0,"key":"Sundial"},{"floor":24.0,"key":"Akabeko"},{"floor":26.0,"key":"Centennial Puzzle"},{"floor":27.0,"key":"Toy Ornithopter"},{"floor":29.0,"key":"PreservedInsect"},{"floor":30.0,"key":"Bottled Tornado"},{"floor":41.0,"key":"StrikeDummy"},{"floor":43.0,"key":"Pen Nib"},{"floor":45.0,"key":"Old Coin"}],"event_choices":[{"cards_removed":["Strike_P"],"damage_healed":0.0,"max_hp_gain":0.0,"max_hp_loss":0.0,"gold_gain":0.0,"event_name":"Purifier","player_choice":"Purged","floor":4.0,"gold_loss":0.0,"damage_taken":0.0},{"damage_healed":0.0,"max_hp_gain":0.0,"max_hp_loss":6.0,"gold_gain":0.0,"event_name":"Golden Idol","player_choice":"Lose Max HP","floor":13.0,"gold_loss":0.0,"damage_taken":0.0,"relics_obtained":["Golden Idol"]},{"cards_removed":["LessonLearned"],"damage_healed":0.0,"max_hp_gain":0.0,"max_hp_loss":0.0,"gold_gain":0.0,"event_name":"betterNote:BetterNote","player_choice":"Take \u0026 Give","floor":19.0,"gold_loss":0.0,"damage_taken":0.0,"cards_obtained":["Corruption"]},{"cards_removed":["Strike_P"],"damage_healed":0.0,"max_hp_gain":0.0,"max_hp_loss":0.0,"gold_gain":0.0,"event_name":"Beggar","player_choice":"Gave Gold","floor":21.0,"gold_loss":75.0,"damage_taken":0.0},{"damage_healed":0.0,"max_hp_gain":0.0,"max_hp_loss":0.0,"gold_gain":0.0,"event_name":"Addict","player_choice":"Obtained Relic","floor":28.0,"gold_loss":85.0,"damage_taken":0.0,"relics_obtained":["Frozen Egg 2"]},{"cards_removed":["Worship"],"damage_healed":0.0,"max_hp_gain":0.0,"max_hp_loss":0.0,"gold_gain":0.0,"event_name":"Falling","player_choice":"Removed Skill","floor":39.0,"gold_loss":0.0,"damage_taken":0.0},{"damage_healed":0.0,"max_hp_gain":0.0,"max_hp_loss":0.0,"gold_gain":0.0,"event_name":"Tomb of Lord Red Mask","player_choice":"Ignored","floor":42.0,"gold_loss":0.0,"damage_taken":0.0},{"damage_healed":0.0,"max_hp_gain":0.0,"max_hp_loss":0.0,"gold_gain":0.0,"event_name":"Mysterious Sphere","player_choice":"Fight","floor":45.0,"gold_loss":0.0,"damage_taken":0.0},{"damage_healed":66,"gold_gain":0,"player_choice":"Heal","damage_taken":0,"max_hp_gain":0,"max_hp_loss":10,"event_name":"The Moai Head","floor":47,"gold_loss":0}],"is_beta":false,"boss_relics":[{"not_picked":["Coffee Dripper","Runic Dome"],"picked":"Empty Cage"},{"not_picked":["Black Star","Velvet Choker"],"picked":"SlaversCollar"}],"items_purged_floors":[36],"is_endless":false,"potions_floor_spawned":[2,3,12,16,27,31,33,41,46,48],"ascension_level":10}