{"gold_per_floor":[109,129,141,3,20,50,50,50,101,101],"floor_reached":10,"playtime":336,"items_purged":[],"score":102,"play_id":"1d224349-5260-4911-b4ef-a29b525fa40e","local_time":"20221216103617","is_ascension_mode":true,"campfire_choices":[{"data":"Eruption","floor":7,"key":"SMITH"}],"neow_cost":"NONE","seed_source_timestamp":202380488574700,"circlet_count":0,"master_deck":["AscendersBane","Strike_P","Strike_P","Strike_P","Defend_P","Defend_P","Defend_P","Defend_P","Eruption+1","Vigilance","Pray","Indignation","EmptyFist","EmptyFist","Consecrate","MentalFortress","PathToVictory","TalkToTheHand"],"special_seed":0,"relics":["PureWater","NeowsBlessing","White Beast Statue","MealTicket"],"potions_floor_usage":[5,10],"damage_taken":[{"damage":0,"enemies":"Jaw Worm","floor":1,"turns":1},{"damage":0,"enemies":"Cultist","floor":2,"turns":1},{"damage":0,"enemies":"2 Louse","floor":3,"turns":1},{"damage":0,"enemies":"Large Slime","floor":5,"turns":4},{"damage":25,"enemies":"3 Sentries","floor":6,"turns":8},{"damage":105,"enemies":"Gremlin Nob","floor":10,"turns":5}],"seed_played":"8443107735543075814","potions_obtained":[{"floor":1,"key":"Fire Potion"},{"floor":5,"key":"Energy Potion"}],"is_trial":false,"path_per_floor":["M","M","M","$","M","E","R","?","T","E"],"character_chosen":"WATCHER","items_purchased":["EmptyFist","Consecrate","MentalFortress"],"campfire_rested":0,"item_purchase_floors":[4,4,4],"current_hp_per_floor":[65,65,65,65,65,40,40,40,40,0],"gold":101,"neow_bonus":"THREE_ENEMY_KILL","is_prod":false,"is_daily":false,"chose_seed":false,"campfire_upgraded":1,"win_rate":0,"timestamp":1671204977,"path_taken":["M","M","M","$","M","E","R","?","T","E"],"build_version":"2022-12-01","purchased_purges":0,"victory":false,"max_hp_per_floor":[72,72,72,72,72,72,72,72,72,72],"card_choices":[{"not_picked":["Protect","DeceiveReality"],"picked":"Pray","floor":1},{"not_picked":["BowlingBash","ThirdEye"],"picked":"Indignation","floor":2},{"not_picked":["CutThroughFate","LikeWater"],"picked":"EmptyFist","floor":3},{"not_picked":["ForeignInfluence","WindmillStrike"],"picked":"PathToVictory","floor":5},{"not_picked":["Consecrate","Wallop"],"picked":"TalkToTheHand","floor":6}],"player_experience":1373693,"relics_obtained":[{"floor":6,"key":"White Beast Statue"},{"floor":9,"key":"MealTicket"}],"event_choices":[{"cards_removed":["Strike_P"],"damage_healed":0,"gold_gain":0,"player_choice":"Card Removal","damage_taken":0,"max_hp_gain":0,"max_hp_loss":0,"event_name":"Wheel of Change","floor":8,"gold_loss":0}],"is_beta":false,"boss_relics":[],"items_purged_floors":[],"is_endless":false,"potions_floor_spawned":[1,5],"killed_by":"Gremlin Nob","ascension_level":10}