{"gold_per_floor":[110,60,75,94,104,129,147,177,177,157,189,203,203,218,218,321,321,341,341,521,85,85,85,114,124,147,147],"floor_reached":27,"playtime":1225,"items_purged":["Strike_P"],"score":392,"play_id":"cef5c5a9-1926-4246-b932-cea06c3c6413","local_time":"20221218094315","is_ascension_mode":true,"campfire_choices":[{"floor":13.0,"key":"REST"},{"floor":15.0,"key":"REST"},{"data":"Scrawl","floor":23.0,"key":"SMITH"}],"neow_cost":"NONE","seed_source_timestamp":162638694078000,"circlet_count":0,"master_deck":["AscendersBane","Defend_P","Defend_P","Defend_P","Eruption","Vigilance+1","EmptyBody","Brilliance","Pray+1","FollowUp","Scrawl+1","ThirdEye","Crescendo","Worship","Prostrate","Pray","MasterReality","BowlingBash+1","SashWhip+1","Weave+1","CutThroughFate","Violence","Study","ClearTheMind","ThirdEye","Fiend Fire+1","FearNoEvil"],"special_seed":0,"relics":["PureWater","NeowsBlessing","War Paint","Du-Vu Doll","Orichalcum","Astrolabe","Sundial","Potion Belt"],"potions_floor_usage":[27],"damage_taken":[{"damage":0.0,"enemies":"2 Louse","floor":1.0,"turns":1.0},{"damage":0.0,"enemies":"Jaw Worm","floor":3.0,"turns":1.0},{"damage":0.0,"enemies":"Cultist","floor":4.0,"turns":1.0},{"damage":0.0,"enemies":"Large Slime","floor":5.0,"turns":4.0},{"damage":10.0,"enemies":"Lagavulin","floor":6.0,"turns":6.0},{"damage":11.0,"enemies":"3 Louse","floor":7.0,"turns":3.0},{"damage":18.0,"enemies":"3 Sentries","floor":8.0,"turns":6.0},{"damage":6.0,"enemies":"Lagavulin","floor":11.0,"turns":6.0},{"damage":6.0,"enemies":"2 Fungi Beasts","floor":12.0,"turns":4.0},{"damage":1.0,"enemies":"Looter","floor":14.0,"turns":2.0},{"damage":35.0,"enemies":"The Guardian","floor":16.0,"turns":8.0},{"damage":5.0,"enemies":"Spheric Guardian","floor":18.0,"turns":3.0},{"damage":1.0,"enemies":"Gremlin Leader","floor":24.0,"turns":2.0},{"damage":5.0,"enemies":"Chosen","floor":25.0,"turns":2.0},{"damage":38,"enemies":"Book of Stabbing","floor":27,"turns":3}],"seed_played":"5203507807513792330","potions_obtained":[{"floor":5.0,"key":"Block Potion"},{"floor":7.0,"key":"DistilledChaos"},{"floor":8.0,"key":"Weak Potion"},{"floor":10.0,"key":"SmokeBomb"},{"floor":11.0,"key":"BottledMiracle"},{"floor":16.0,"key":"Block Potion"},{"floor":18.0,"key":"EssenceOfSteel"},{"floor":19.0,"key":"CultistPotion"},{"floor":19.0,"key":"CultistPotion"}],"is_trial":false,"path_per_floor":["M","?","M","M","M","E","M","E","T","?","E","M","R","M","R","B",null,"M","?","?","$","?","R","E","M","T","E"],"character_chosen":"WATCHER","items_purchased":["Violence","Study","ClearTheMind","ThirdEye"],"campfire_rested":2,"item_purchase_floors":[21,21,21,21],"current_hp_per_floor":[65,65,65,65,65,55,44,26,26,26,20,14,35,34,55,20,59,54,54,35,35,35,35,34,29,29,0],"gold":147,"neow_bonus":"THREE_ENEMY_KILL","is_prod":false,"is_daily":false,"chose_seed":false,"campfire_upgraded":1,"win_rate":0,"timestamp":1671374595,"path_taken":["M","?","M","M","M","E","M","E","T","?","E","?","R","M","R","BOSS","M","?","?","$","?","R","E","M","T","E"],"build_version":"2022-12-01","purchased_purges":1,"victory":false,"max_hp_per_floor":[72,72,72,72,72,72,72,72,72,72,72,72,72,72,72,72,72,72,72,72,72,72,72,72,72,72,72],"card_choices":[{"not_picked":["PathToVictory","FlurryOfBlows"],"picked":"EmptyBody","floor":1.0},{"not_picked":["Consecrate","Prostrate"],"picked":"Brilliance","floor":3.0},{"not_picked":["Perseverance","Halt"],"picked":"Pray","floor":4.0},{"not_picked":["FlyingSleeves","Tantrum"],"picked":"FollowUp","floor":5.0},{"not_picked":["EmptyFist","Evaluate"],"picked":"Scrawl","floor":6.0},{"not_picked":["Protect","EmptyFist"],"picked":"ThirdEye","floor":7.0},{"not_picked":["JustLucky","Adaptation"],"picked":"Crescendo","floor":8.0},{"not_picked":["Swivel","SignatureMove"],"picked":"Worship","floor":11.0},{"not_picked":["BowlingBash","Conclude"],"picked":"Prostrate","floor":12.0},{"not_picked":["Worship","Wireheading"],"picked":"Pray","floor":14.0},{"not_picked":["Establishment","Alpha"],"picked":"MasterReality","floor":16.0},{"not_picked":["EmptyBody","FlyingSleeves"],"picked":"CutThroughFate","floor":18.0},{"not_picked":["Crescendo+1","Adaptation"],"picked":"FearNoEvil","floor":24.0},{"not_picked":["FlyingSleeves","Worship","FollowUp"],"picked":"SKIP","floor":25.0}],"player_experience":1402181,"relics_obtained":[{"floor":6.0,"key":"War Paint"},{"floor":8.0,"key":"Du-Vu Doll"},{"floor":11.0,"key":"Orichalcum"},{"floor":24.0,"key":"Sundial"},{"floor":26.0,"key":"Potion Belt"}],"event_choices":[{"cards_removed":["Defend_P"],"damage_healed":0.0,"max_hp_gain":0.0,"max_hp_loss":0.0,"gold_gain":0.0,"event_name":"The Cleric","player_choice":"Card Removal","floor":2.0,"gold_loss":50.0,"damage_taken":0.0},{"damage_healed":0.0,"max_hp_gain":0.0,"max_hp_loss":0.0,"gold_gain":0.0,"event_name":"The Woman in Blue","player_choice":"Bought 1 Potion","floor":10.0,"gold_loss":0.0,"damage_taken":0.0},{"damage_healed":0.0,"max_hp_gain":0.0,"max_hp_loss":0.0,"gold_gain":0.0,"event_name":"Lab","player_choice":"Got Potions","floor":19.0,"gold_loss":0.0,"damage_taken":0.0},{"damage_healed":0.0,"max_hp_gain":0.0,"max_hp_loss":0.0,"gold_gain":180.0,"event_name":"Knowing Skull","player_choice":"GOLD GOLD ","floor":20.0,"potions_obtained":[],"gold_loss":0.0,"damage_taken":19.0,"cards_obtained":[]},{"cards_removed":["Scrawl"],"damage_healed":0.0,"max_hp_gain":0.0,"max_hp_loss":0.0,"gold_gain":0.0,"event_name":"betterNote:BetterNote","player_choice":"Take \u0026 Give","floor":22.0,"gold_loss":0.0,"damage_taken":0.0,"cards_obtained":["Fiend Fire"]}],"is_beta":false,"boss_relics":[{"not_picked":["Snecko Eye","Philosopher\u0027s Stone"],"picked":"Astrolabe"}],"items_purged_floors":[21],"is_endless":false,"potions_floor_spawned":[5,7,8,11,12,16,18],"killed_by":"Book of Stabbing","ascension_level":11}