{"gold_per_floor":[111,129,129,144,158,158,184,184,236,236,236,14,14,48,48,169,169,182,201,22,35,35,73,73,73],"floor_reached":25,"playtime":1039,"items_purged":["Strike_P"],"score":369,"play_id":"f3750b3a-6445-41f7-89f6-81c1f01f947c","local_time":"20221216095854","is_ascension_mode":true,"campfire_choices":[{"data":"Judgement","floor":6.0,"key":"SMITH"},{"floor":8.0,"key":"REST"},{"data":"Eruption","floor":10.0,"key":"SMITH"},{"data":"Crescendo","floor":13.0,"key":"SMITH"},{"data":"Evaluate","floor":15,"key":"SMITH"},{"floor":24,"key":"REST"}],"neow_cost":"NONE","seed_source_timestamp":199420453386600,"circlet_count":0,"master_deck":["AscendersBane","Defend_P","Defend_P","Defend_P","Eruption+1","Vigilance","Judgement+1","FlurryOfBlows","CrushJoints","Weave","FlurryOfBlows","FlurryOfBlows","Tantrum","Crescendo+1","Evaluate","Evaluate+1","Vault","Indignation+1","Adaptation+1","BowlingBash+1","FlurryOfBlows","EmptyFist+1","PathToVictory","EmptyFist+1"],"special_seed":0,"relics":["PureWater","Pear","Pen Nib","Golden Idol","Bronze Scales","Astrolabe","ClockworkSouvenir","CeramicFish"],"potions_floor_usage":[16,21,23],"damage_taken":[{"damage":0.0,"enemies":"Cultist","floor":1.0,"turns":3.0},{"damage":0.0,"enemies":"Small Slimes","floor":2.0,"turns":2.0},{"damage":0.0,"enemies":"2 Louse","floor":4.0,"turns":2.0},{"damage":24.0,"enemies":"Large Slime","floor":5.0,"turns":6.0},{"damage":3.0,"enemies":"Lagavulin","floor":7.0,"turns":5.0},{"damage":9,"enemies":"Gremlin Nob","floor":14,"turns":3},{"damage":47,"enemies":"Hexaghost","floor":16,"turns":8},{"damage":1,"enemies":"Chosen","floor":18,"turns":4},{"damage":0,"enemies":"Spheric Guardian","floor":19,"turns":2},{"damage":0,"enemies":"Snecko","floor":21,"turns":3},{"damage":43,"enemies":"Slavers","floor":23,"turns":4},{"damage":42,"enemies":"Book of Stabbing","floor":25,"turns":3}],"seed_played":"6071602181522071548","potions_obtained":[{"floor":5.0,"key":"EssenceOfSteel"},{"floor":7.0,"key":"Energy Potion"},{"floor":19,"key":"AttackPotion"},{"floor":21,"key":"BottledMiracle"}],"is_trial":false,"path_per_floor":["M","M","?","M","M","R","E","R","T","R","?","$","R","E","R","B",null,"M","M","$","M","?","E","R","E"],"character_chosen":"WATCHER","items_purchased":["Tantrum","Crescendo","Evaluate","ClockworkSouvenir","PathToVictory"],"campfire_rested":2,"item_purchase_floors":[12,12,12,20,20],"current_hp_per_floor":[65,65,58,58,34,34,41,65,65,65,65,65,65,56,56,9,59,58,58,58,58,58,15,37,0],"gold":73,"neow_bonus":"ONE_RANDOM_RARE_CARD","is_prod":false,"is_daily":false,"chose_seed":false,"campfire_upgraded":4,"win_rate":0,"timestamp":1671202734,"path_taken":["M","?","?","M","M","R","E","R","T","R","?","$","R","E","R","BOSS","M","M","$","M","?","E","R","E"],"build_version":"2022-12-01","purchased_purges":1,"victory":false,"max_hp_per_floor":[72,72,72,72,72,72,82,82,82,82,76,76,76,76,76,76,76,76,76,76,76,76,76,76,76],"card_choices":[{"not_picked":["EmptyBody","FlyingSleeves"],"picked":"FlurryOfBlows","floor":1.0},{"not_picked":["Evaluate","Perseverance"],"picked":"CrushJoints","floor":2.0},{"not_picked":["Evaluate","JustLucky"],"picked":"Weave","floor":4.0},{"not_picked":["Collect","CrushJoints"],"picked":"FlurryOfBlows","floor":5.0},{"not_picked":["WheelKick","TalkToTheHand"],"picked":"FlurryOfBlows","floor":7.0},{"not_picked":["Study","FlyingSleeves"],"picked":"Evaluate","floor":14},{"not_picked":["Omniscience","Ragnarok"],"picked":"Vault","floor":16},{"not_picked":["ThirdEye","Protect"],"picked":"FlurryOfBlows","floor":18},{"not_picked":["JustLucky","Tantrum"],"picked":"EmptyFist+1","floor":19},{"not_picked":["Collect+1","Evaluate","BattleHymn"],"picked":"SKIP","floor":21},{"not_picked":["Crescendo","Brilliance","Study"],"picked":"SKIP","floor":23}],"player_experience":1373693,"relics_obtained":[{"floor":7.0,"key":"Pear"},{"floor":9.0,"key":"Pen Nib"},{"floor":14,"key":"Bronze Scales"},{"floor":23,"key":"CeramicFish"}],"event_choices":[{"cards_removed":["Strike_P"],"damage_healed":0.0,"max_hp_gain":0.0,"max_hp_loss":0.0,"gold_gain":0.0,"event_name":"Golden Wing","player_choice":"Card Removal","floor":3.0,"gold_loss":0.0,"damage_taken":7.0},{"damage_healed":0.0,"max_hp_gain":0.0,"max_hp_loss":6.0,"gold_gain":0.0,"event_name":"Golden Idol","player_choice":"Lose Max HP","floor":11.0,"gold_loss":0.0,"damage_taken":0.0,"relics_obtained":["Golden Idol"]},{"damage_healed":0,"gold_gain":0,"player_choice":"Copied","damage_taken":0,"max_hp_gain":0,"max_hp_loss":0,"event_name":"Duplicator","floor":22,"gold_loss":0,"cards_obtained":["EmptyFist"]}],"is_beta":false,"boss_relics":[{"not_picked":["Busted Crown","Coffee Dripper"],"picked":"Astrolabe"}],"items_purged_floors":[12],"is_endless":false,"potions_floor_spawned":[5,7,19,21],"killed_by":"Book of Stabbing","ascension_level":10}