{"gold_per_floor":[109,109,119,119,134,134,155,199,199,29,29,50,74,90,90,90],"floor_reached":16,"playtime":818,"items_purged":[],"score":156,"play_id":"89141253-8a41-4bfb-ba2b-578f06d6b9ab","local_time":"20221216101835","is_ascension_mode":true,"campfire_choices":[{"data":"Eruption","floor":6,"key":"SMITH"},{"floor":11,"key":"REST"},{"floor":15,"key":"REST"}],"neow_cost":"NONE","seed_source_timestamp":200835732894800,"circlet_count":0,"master_deck":["AscendersBane","Strike_P","Strike_P","Strike_P","Strike_P+1","Defend_P","Defend_P","Defend_P+1","Defend_P","Eruption+1","Vigilance","ThirdEye","ClearTheMind","Prostrate","Vengeance","LessonLearned","EmptyFist","Nirvana","WheelKick","Swivel","Sanctity","CutThroughFate"],"special_seed":0,"relics":["PureWater","NeowsBlessing","Lizard Tail","Golden Idol","Bird Faced Urn","Girya"],"potions_floor_usage":[7,8,13,16],"damage_taken":[{"damage":0,"enemies":"Small Slimes","floor":1,"turns":2},{"damage":0,"enemies":"Jaw Worm","floor":3,"turns":1},{"damage":0,"enemies":"2 Louse","floor":5,"turns":1},{"damage":0,"enemies":"Looter","floor":7,"turns":3},{"damage":17,"enemies":"Gremlin Nob","floor":8,"turns":3},{"damage":25,"enemies":"Gremlin Gang","floor":12,"turns":4},{"damage":6,"enemies":"Large Slime","floor":13,"turns":4},{"damage":10,"enemies":"Exordium Wildlife","floor":14,"turns":3},{"damage":81,"enemies":"Hexaghost","floor":16,"turns":11}],"seed_played":"921525694330542718","potions_obtained":[{"floor":5,"key":"Fire Potion"},{"floor":7,"key":"FearPotion"},{"floor":12,"key":"SkillPotion"},{"floor":14,"key":"Explosive Potion"}],"is_trial":false,"path_per_floor":["M","?","M","?","M","R","M","E","T","$","R","M","M","M","R","B"],"character_chosen":"WATCHER","items_purchased":["EmptyFist","Nirvana","WheelKick"],"campfire_rested":2,"item_purchase_floors":[10,10,10],"current_hp_per_floor":[65,62,62,44,44,44,44,27,27,27,48,25,21,13,34,0],"gold":90,"neow_bonus":"THREE_ENEMY_KILL","is_prod":false,"is_daily":false,"chose_seed":false,"campfire_upgraded":1,"win_rate":0,"timestamp":1671203915,"path_taken":["M","?","M","?","?","R","M","E","T","$","R","M","M","M","R","BOSS"],"build_version":"2022-12-01","purchased_purges":0,"victory":false,"max_hp_per_floor":[72,72,72,72,72,72,72,72,72,72,72,72,72,72,72,72],"card_choices":[{"not_picked":["Halt","SashWhip"],"picked":"ThirdEye","floor":1},{"not_picked":["Evaluate","SashWhip"],"picked":"ClearTheMind","floor":3},{"not_picked":["Halt","Study"],"picked":"Prostrate","floor":5},{"not_picked":["SashWhip","FlyingSleeves"],"picked":"Vengeance","floor":7},{"not_picked":["Study","FlyingSleeves"],"picked":"LessonLearned","floor":8},{"not_picked":["BattleHymn","Consecrate"],"picked":"Swivel","floor":12},{"not_picked":["WindmillStrike","Halt"],"picked":"Sanctity","floor":13},{"not_picked":["SandsOfTime","Adaptation"],"picked":"CutThroughFate","floor":14}],"player_experience":1373693,"relics_obtained":[{"floor":8,"key":"Bird Faced Urn"},{"floor":9,"key":"Girya"}],"event_choices":[{"damage_healed":0,"gold_gain":0,"player_choice":"Success","damage_taken":3,"relics_obtained":["Lizard Tail"],"max_hp_gain":0,"max_hp_loss":0,"event_name":"Scrap Ooze","floor":2,"gold_loss":0},{"damage_healed":0,"gold_gain":0,"player_choice":"Take Damage","damage_taken":18,"relics_obtained":["Golden Idol"],"max_hp_gain":0,"max_hp_loss":0,"event_name":"Golden Idol","floor":4,"gold_loss":0}],"is_beta":false,"boss_relics":[],"items_purged_floors":[],"is_endless":false,"potions_floor_spawned":[5,7,12,14],"killed_by":"Hexaghost","ascension_level":10}