{"gold_per_floor":[111,129,143,143,44,44,62,87,87,87,87,12,12,12,12,142,142,163,8,33,58,81,81,81,81,81,114,14,30,30,50,50,178,178,202,216,216],"floor_reached":37,"playtime":1351,"items_purged":["Strike_P","Worship"],"score":709,"play_id":"351ac472-94cc-4c08-bd50-5e57f1f46fa9","local_time":"20221216120840","is_ascension_mode":true,"campfire_choices":[{"data":"Eruption","floor":6,"key":"SMITH"},{"data":"SpiritShield","floor":11,"key":"SMITH"},{"data":"PathToVictory","floor":15,"key":"SMITH"},{"data":"Meditate","floor":23,"key":"SMITH"},{"data":"Judgement","floor":30,"key":"SMITH"},{"floor":32,"key":"REST"}],"neow_cost":"NONE","seed_source_timestamp":206907021660400,"circlet_count":0,"master_deck":["AscendersBane","Defend_P","Eruption+1","Vigilance","FlurryOfBlows","PathToVictory","Meditate+1","PathToVictory","EmptyMind","PathToVictory+1","SpiritShield+1","Blasphemy","WindmillStrike+1","Wallop+1","CarveReality+1","PathToVictory+1","FlurryOfBlows+1","FlurryOfBlows","Sanctity+1","Judgement+1","CutThroughFate+1","FlurryOfBlows+1","Crescendo+1"],"special_seed":0,"relics":["PureWater","Mercury Hourglass","Pantograph","Golden Idol","GremlinMask","Astrolabe","DollysMirror","Pen Nib","Darkstone Periapt","Toxic Egg 2","Empty Cage"],"potions_floor_usage":[8,21,21,22,27,29,36],"damage_taken":[{"damage":6,"enemies":"Small Slimes","floor":1,"turns":3},{"damage":16,"enemies":"Cultist","floor":2,"turns":4},{"damage":0,"enemies":"Jaw Worm","floor":3,"turns":2},{"damage":17,"enemies":"Looter","floor":7,"turns":3},{"damage":15,"enemies":"Lagavulin","floor":8,"turns":5},{"damage":0,"enemies":"Slime Boss","floor":16,"turns":4},{"damage":9,"enemies":"Shell Parasite","floor":18,"turns":4},{"damage":6,"enemies":"Spheric Guardian","floor":20,"turns":3},{"damage":8,"enemies":"Chosen and Byrds","floor":21,"turns":2},{"damage":0,"enemies":"Snecko","floor":22,"turns":4},{"damage":11,"enemies":"Slavers","floor":27,"turns":3},{"damage":9,"enemies":"Sentry and Sphere","floor":29,"turns":4},{"damage":0,"enemies":"Centurion and Healer","floor":31,"turns":2},{"damage":14,"enemies":"Champ","floor":33,"turns":7},{"damage":24,"enemies":"3 Shapes","floor":35,"turns":3},{"damage":28,"enemies":"3 Darklings","floor":36,"turns":7},{"damage":25,"enemies":"Writhing Mass","floor":37,"turns":2}],"seed_played":"3728148605126797045","potions_obtained":[{"floor":2,"key":"BottledMiracle"},{"floor":7,"key":"AttackPotion"},{"floor":18,"key":"Energy Potion"},{"floor":21,"key":"Block Potion"},{"floor":22,"key":"ColorlessPotion"},{"floor":27,"key":"BottledMiracle"},{"floor":35,"key":"DistilledChaos"}],"is_trial":false,"path_per_floor":["M","M","M","?","$","R","M","E","T","?","R","$","?","?","R","B",null,"M","$","M","M","M","R","T","?","T","E","$","M","R","M","R","B",null,"M","M","M"],"character_chosen":"WATCHER","items_purchased":["PathToVictory","EmptyMind","DollysMirror"],"campfire_rested":1,"item_purchase_floors":[5,5,19],"current_hp_per_floor":[66,50,50,50,50,50,33,18,18,44,44,44,44,44,44,69,72,63,63,57,49,49,49,49,49,49,38,38,29,29,29,50,59,70,46,18,0],"gold":216,"neow_bonus":"TEN_PERCENT_HP_BONUS","is_prod":false,"is_daily":false,"chose_seed":false,"campfire_upgraded":5,"win_rate":0,"timestamp":1671210520,"path_taken":["M","M","M","?","$","R","?","E","T","?","R","?","?","?","R","BOSS","M","$","?","M","M","R","?","?","T","E","$","M","R","M","R","BOSS","M","M","M"],"build_version":"2022-12-01","purchased_purges":2,"victory":false,"max_hp_per_floor":[79,79,79,79,79,79,79,79,79,79,79,79,73,73,73,73,73,73,73,73,73,73,73,73,73,73,73,73,73,73,73,73,73,73,73,73,73],"card_choices":[{"not_picked":["Evaluate","Halt"],"picked":"Worship","floor":1},{"not_picked":["BowlingBash","Conclude"],"picked":"FlurryOfBlows","floor":2},{"not_picked":["CrushJoints","ThirdEye"],"picked":"PathToVictory","floor":3},{"not_picked":["WindmillStrike","Vengeance"],"picked":"PathToVictory","floor":7},{"not_picked":["Halt","CrushJoints"],"picked":"SpiritShield","floor":8},{"not_picked":["Establishment","SpiritShield"],"picked":"Blasphemy","floor":16},{"not_picked":["Halt","FollowUp+1","WaveOfTheHand"],"picked":"SKIP","floor":18},{"not_picked":["InnerPeace","WheelKick"],"picked":"FlurryOfBlows+1","floor":20},{"not_picked":["Protect","CarveReality"],"picked":"FlurryOfBlows","floor":21},{"not_picked":["ThirdEye","Prostrate"],"picked":"Sanctity+1","floor":22},{"not_picked":["Meditate+1","SashWhip"],"picked":"CutThroughFate+1","floor":27},{"not_picked":["WaveOfTheHand+1","Protect+1","Swivel+1"],"picked":"SKIP","floor":29},{"not_picked":["BowlingBash","Halt+1","JustLucky"],"picked":"SKIP","floor":31},{"not_picked":["CutThroughFate","BowlingBash+1"],"picked":"FlurryOfBlows+1","floor":35},{"not_picked":["ThirdEye+1","InnerPeace+1"],"picked":"Crescendo+1","floor":36}],"player_experience":1373693,"relics_obtained":[{"floor":8,"key":"Mercury Hourglass"},{"floor":9,"key":"Pantograph"},{"floor":24,"key":"Pen Nib"},{"floor":26,"key":"Darkstone Periapt"},{"floor":27,"key":"Toxic Egg 2"}],"event_choices":[{"damage_healed":0,"gold_gain":0,"cards_transformed":["Strike_P"],"player_choice":"Transformed","damage_taken":0,"max_hp_gain":0,"max_hp_loss":0,"event_name":"Transmorgrifier","floor":4,"gold_loss":0,"cards_obtained":["Meditate"]},{"damage_healed":26,"gold_gain":0,"player_choice":"Banana","damage_taken":0,"max_hp_gain":0,"max_hp_loss":0,"event_name":"Big Fish","floor":10,"gold_loss":0},{"damage_healed":0,"gold_gain":0,"player_choice":"Lose Max HP","damage_taken":0,"relics_obtained":["Golden Idol"],"max_hp_gain":0,"max_hp_loss":6,"event_name":"Golden Idol","floor":13,"gold_loss":0},{"damage_healed":0,"gold_gain":0,"player_choice":"Trade","damage_taken":0,"relics_obtained":["GremlinMask"],"max_hp_gain":0,"max_hp_loss":0,"event_name":"FaceTrader","floor":14,"gold_loss":0},{"cards_removed":["Blasphemy"],"damage_healed":0,"gold_gain":0,"player_choice":"Take \u0026 Give","damage_taken":0,"max_hp_gain":0,"max_hp_loss":0,"event_name":"betterNote:BetterNote","floor":25,"gold_loss":0,"cards_obtained":["Judgement"]}],"is_beta":false,"boss_relics":[{"not_picked":["Coffee Dripper","Calling Bell"],"picked":"Astrolabe"},{"not_picked":["Pandora\u0027s Box","Black Star"],"picked":"Empty Cage"}],"items_purged_floors":[12,28],"is_endless":false,"potions_floor_spawned":[2,7,18,21,22,27,35],"killed_by":"Writhing Mass","ascension_level":10}