{"gold_per_floor":[118,118,128,278,290,319,319,353,353,369,388,129,14,14,14,110,110,130,150,150,150,169,194,194,194,264,279,143,143,158,187,199,309,271,298,310,337,574,589,616,616,616],"floor_reached":42,"playtime":3476,"items_purged":["downfall:Icky","Strike_P","Defend_P","Strike_P"],"score":1020,"play_id":"047a3a3b-9b5e-4b96-b465-6dd0ab0d0520","local_time":"20221228010227","is_ascension_mode":true,"campfire_choices":[{"floor":9.0,"key":"REST"},{"floor":15.0,"key":"REST"},{"data":"Eruption","floor":25.0,"key":"SMITH"},{"data":"Blasphemy","floor":29.0,"key":"SMITH"},{"floor":32.0,"key":"REST"}],"neow_cost":"","seed_source_timestamp":992905330205800,"circlet_count":0,"master_deck":["AscendersBane","Strike_P","Strike_P","Strike_P","Defend_P","Defend_P","Eruption+1","Vigilance","ReachHeaven","Protect","Perseverance","SashWhip","CutThroughFate","Blasphemy+1","FlurryOfBlows","CutThroughFate","BattleHymn","expansioncontent:HyperBeam","Swivel","SandsOfTime","DevaForm","MentalFortress","ThirdEye","Accuracy+1","BowlingBash","JustLucky","Weave","Tantrum","Vault","ThirdEye","ClearTheMind","EmptyMind+1","Conclude","WheelKick","Vengeance"],"special_seed":0,"relics":["HolyWater","moreChoices:MoreCardChoices","Unceasing Top","Shuriken","Kunai","Lizard Tail","downfall:ShatteredFragment","Smiling Mask","Darkstone Periapt","Bottled Lightning","MawBank","energizedSpire:HugeHouse","Mummified Hand","Incense Burner"],"potions_floor_usage":[39,40],"damage_taken":[{"damage":0.0,"enemies":"Cultist","floor":1.0,"turns":3.0},{"damage":7.0,"enemies":"Small Slimes","floor":3.0,"turns":2.0},{"damage":4.0,"enemies":"Jaw Worm","floor":5.0,"turns":3.0},{"damage":6.0,"enemies":"Gremlin Nob","floor":6.0,"turns":3.0},{"damage":28.0,"enemies":"Lagavulin","floor":8.0,"turns":8.0},{"damage":0.0,"enemies":"downfall:LooterAlt","floor":10.0,"turns":4.0},{"damage":0.0,"enemies":"Large Slime","floor":11.0,"turns":1.0},{"damage":0.0,"enemies":"downfall:FleeingMerchant","floor":12.0,"turns":4.0},{"damage":1.0,"enemies":"downfall:FleeingMerchant","floor":13.0,"turns":4.0},{"damage":39.0,"enemies":"SI_POISON_ARCHETYPE","floor":16.0,"turns":6.0},{"damage":5.0,"enemies":"downfall:LooterAlt2","floor":18.0,"turns":3.0},{"damage":1.0,"enemies":"Shell Parasite","floor":19.0,"turns":2.0},{"damage":9.0,"enemies":"Snake Plant","floor":22.0,"turns":3.0},{"damage":23.0,"enemies":"Gremlin Leader","floor":23.0,"turns":6.0},{"damage":0.0,"enemies":"3 Cultists","floor":27.0,"turns":4.0},{"damage":14.0,"enemies":"downfall:FleeingMerchant","floor":28.0,"turns":4.0},{"damage":5.0,"enemies":"Shelled Parasite and Fungi","floor":30.0,"turns":2.0},{"damage":39.0,"enemies":"Book of Stabbing","floor":31.0,"turns":5.0},{"damage":7.0,"enemies":"HERMIT_WHEEL_ARCHETYPE","floor":33.0,"turns":8.0},{"damage":8.0,"enemies":"Orb Walker","floor":35.0,"turns":3.0},{"damage":3.0,"enemies":"3 Shapes","floor":37.0,"turns":5.0},{"damage":0.0,"enemies":"downfall:FleeingMerchant","floor":38.0,"turns":1.0},{"damage":14,"enemies":"Sphere and 2 Shapes","floor":39,"turns":4},{"damage":24,"enemies":"Reptomancer","floor":40,"turns":5},{"damage":8,"enemies":"3 Darklings","floor":42,"turns":1}],"seed_played":"-5301403958094031812","potions_obtained":[{"floor":1.0,"key":"gremlin:WizPotion"},{"floor":11.0,"key":"FairyPotion"},{"floor":16.0,"key":"AttackPotion"},{"floor":31.0,"key":"StancePotion"},{"floor":33.0,"key":"SteroidPotion"},{"floor":35.0,"key":"GamblersBrew"},{"floor":37.0,"key":"Guardian:BlockOnCardUsePotion"},{"floor":39,"key":"Ancient Potion"}],"is_trial":false,"path_per_floor":["M","?","M","?","M","E","T","E","R","M","M","$","$","?","R","B",null,"M","M","?","?","M","E","T","R","T","M","$","R","M","E","R","B",null,"M","?","M","$","M","E","T","M"],"character_chosen":"WATCHER","items_purchased":["ReachHeaven","Unceasing Top","expansioncontent:HyperBeam","Swivel","Weave","Conclude"],"campfire_rested":3,"item_purchase_floors":[0,0,12,12,28,38],"current_hp_per_floor":[53,53,46,46,42,36,36,8,29,29,29,29,28,28,47,8,52,47,46,46,46,37,14,14,14,14,14,19,19,14,12,31,24,52,44,44,41,41,27,3,3,0],"gold":616,"neow_bonus":"","is_prod":false,"is_daily":false,"chose_seed":false,"campfire_upgraded":2,"win_rate":0,"timestamp":1672207347,"path_taken":["M","?","M","?","M","E","T","E","R","M","M","?","$","?","R","BOSS","M","M","?","?","M","E","T","R","?","M","$","R","M","E","R","BOSS","M","?","M","$","M","E","T","M"],"build_version":"2022-12-18","purchased_purges":4,"victory":false,"max_hp_per_floor":[72,72,72,72,72,72,72,72,72,72,72,72,72,66,66,66,66,66,66,66,66,66,66,66,66,66,66,66,66,66,66,66,66,61,61,61,61,61,61,61,61,61],"card_choices":[{"not_picked":["Evaluate","JustLucky","WheelKick","CrushJoints"],"picked":"Protect","floor":1.0},{"not_picked":["Halt","Sanctity","EmptyBody","Crescendo"],"picked":"Perseverance","floor":3.0},{"not_picked":["Protect","ThirdEye","Alpha","ClearTheMind"],"picked":"SashWhip","floor":5.0},{"not_picked":["WreathOfFlame","InnerPeace","BattleHymn","SashWhip"],"picked":"CutThroughFate","floor":6.0},{"not_picked":["Swivel","Protect","BowlingBash","Nirvana"],"picked":"Blasphemy","floor":8.0},{"not_picked":["FollowUp","Wireheading","BattleHymn","EmptyBody"],"picked":"FlurryOfBlows","floor":10.0},{"not_picked":["ClearTheMind","ThirdEye","Consecrate","ForeignInfluence"],"picked":"CutThroughFate","floor":11.0},{"not_picked":["CarveReality","WindmillStrike","Establishment","SashWhip"],"picked":"BattleHymn","floor":12.0},{"not_picked":["Wireheading","CutThroughFate","SignatureMove","Evaluate"],"picked":"SandsOfTime","floor":13.0},{"not_picked":["Vault","Ragnarok","LessonLearned","Alpha"],"picked":"DevaForm","floor":16.0},{"not_picked":["ThirdEye","FlurryOfBlows","EmptyFist","Consecrate"],"picked":"MentalFortress","floor":18.0},{"not_picked":["Pray","FollowUp","InnerPeace","Prostrate"],"picked":"ThirdEye","floor":19.0},{"not_picked":["SandsOfTime","PathToVictory","ThirdEye","BattleHymn+1"],"picked":"BowlingBash","floor":22.0},{"not_picked":["Sanctity","Wireheading","Protect","Prostrate+1"],"picked":"JustLucky","floor":23.0},{"not_picked":["ClearTheMind+1","Blasphemy","WindmillStrike","JustLucky","CrushJoints"],"picked":"SKIP","floor":27.0},{"not_picked":["FlyingSleeves","FlurryOfBlows+1","EmptyBody","Evaluate"],"picked":"Indignation","floor":28.0},{"not_picked":["ThirdEye","Evaluate","CrushJoints+1","Collect"],"picked":"Tantrum","floor":30.0},{"not_picked":["DeceiveReality","MentalFortress+1","ReachHeaven","ThirdEye+1","Wish"],"picked":"SKIP","floor":31.0},{"not_picked":["MasterReality","Wish","LessonLearned","Judgement"],"picked":"Vault","floor":33.0},{"not_picked":["SandsOfTime","BowlingBash+1","FlyingSleeves","MentalFortress"],"picked":"ClearTheMind","floor":35.0},{"not_picked":["TalkToTheHand","Study","SashWhip","FlyingSleeves+1"],"picked":"EmptyMind+1","floor":37.0},{"not_picked":["FearNoEvil+1","JustLucky","Protect+1","DeusExMachina","FlurryOfBlows"],"picked":"SKIP","floor":38.0},{"not_picked":["ClearTheMind+1","WreathOfFlame+1","SashWhip+1","WaveOfTheHand+1"],"picked":"WheelKick","floor":39},{"not_picked":["Conclude","WreathOfFlame+1","SashWhip","JustLucky"],"picked":"Vengeance","floor":40}],"player_experience":1149398,"relics_obtained":[{"floor":6.0,"key":"Shuriken"},{"floor":7.0,"key":"Kunai"},{"floor":8.0,"key":"Lizard Tail"},{"floor":23.0,"key":"Smiling Mask"},{"floor":24.0,"key":"Darkstone Periapt"},{"floor":26.0,"key":"Bottled Lightning"},{"floor":31.0,"key":"MawBank"},{"floor":40,"key":"Mummified Hand"},{"floor":41,"key":"Incense Burner"}],"event_choices":[{"cards_removed":["Defend_P"],"damage_healed":0.0,"max_hp_gain":0.0,"max_hp_loss":0.0,"gold_gain":0.0,"event_name":"downfall:Cleric","player_choice":"Card Removal","floor":2.0,"gold_loss":0.0,"damage_taken":0.0},{"damage_healed":0.0,"max_hp_gain":0.0,"max_hp_loss":0.0,"gold_gain":150.0,"event_name":"downfall:WorldOfGoop","player_choice":"Gooped x1","floor":4.0,"gold_loss":0.0,"damage_taken":0.0,"cards_obtained":["downfall:Icky"]},{"damage_healed":0.0,"max_hp_gain":0.0,"max_hp_loss":0.0,"gold_gain":0.0,"event_name":"downfall:WingStatue","player_choice":"Destroyed Statue","floor":14.0,"gold_loss":0.0,"damage_taken":6.0,"relics_obtained":["downfall:ShatteredFragment"]},{"cards_removed":["Blasphemy"],"damage_healed":0.0,"max_hp_gain":0.0,"max_hp_loss":0.0,"gold_gain":0.0,"event_name":"betterNote:BetterNote","player_choice":"Take \u0026 Give","floor":20.0,"gold_loss":0.0,"damage_taken":0.0,"cards_obtained":["Accuracy"]},{"damage_healed":0.0,"max_hp_gain":0.0,"max_hp_loss":0.0,"gold_gain":0.0,"event_name":"Gremlin:Trenchcoat","player_choice":"Ignored","floor":36.0,"gold_loss":0.0,"damage_taken":0.0}],"is_beta":false,"boss_relics":[{"not_picked":["sneckomod:SneckoTalon","energizedSpire:DeadBattery"],"picked":"HolyWater"},{"not_picked":["Velvet Choker","Runic Dome"],"picked":"energizedSpire:HugeHouse"}],"items_purged_floors":[12,13,28,38],"is_endless":false,"potions_floor_spawned":[1,11,16,19,31,33,35,37,39],"killed_by":"3 Darklings","ascension_level":11}