{"gold_per_floor":[117,130,38,53,65,65,95,95,95,95,115,131,150,161,161,260,260,273,273,112,127,127,127,142,142,142,177,227],"floor_reached":28,"playtime":1171,"items_purged":["Strike_P"],"score":292,"play_id":"4a45fd0d-14c6-4ae6-9c23-f6afeebe9fa7","local_time":"20221231162035","is_ascension_mode":false,"campfire_choices":[{"data":"ReachHeaven","floor":6,"key":"SMITH"},{"data":"Eruption","floor":8,"key":"SMITH"},{"data":"Establishment","floor":10,"key":"SMITH"},{"floor":15,"key":"REST"},{"data":"Prostrate","floor":23,"key":"SMITH"}],"neow_cost":"NONE","seed_source_timestamp":21928226345400,"circlet_count":0,"master_deck":["Strike_P","Strike_P","Strike_P","Defend_P","Defend_P","Defend_P","Defend_P","Eruption+1","Vigilance","Establishment+1","PathToVictory","DeceiveReality","CutThroughFate","Prostrate","CarveReality","ReachHeaven+1","Crescendo","JustLucky","Scrawl","Protect","Consecrate","Brilliance","Prostrate+1","RitualDagger","ClearTheMind","Nirvana","Prostrate","Weave","Shame","FlurryOfBlows"],"relics":["PureWater","Mercury Hourglass","Cursed Key","Nloth\u0027s Gift","SsserpentHead","Bottled Lightning","Damaru"],"potions_floor_usage":[7,7,14,16,24,27,27],"damage_taken":[{"damage":0,"enemies":"Cultist","floor":1,"turns":3},{"damage":1,"enemies":"2 Louse","floor":2,"turns":2},{"damage":0,"enemies":"Small Slimes","floor":4,"turns":3},{"damage":10,"enemies":"Red Slaver","floor":5,"turns":2},{"damage":16,"enemies":"Gremlin Nob","floor":7,"turns":3},{"damage":13,"enemies":"Lots of Slimes","floor":11,"turns":3},{"damage":15,"enemies":"Large Slime","floor":12,"turns":3},{"damage":3,"enemies":"Gremlin Gang","floor":13,"turns":3},{"damage":0,"enemies":"Exordium Wildlife","floor":14,"turns":2},{"damage":0,"enemies":"Slime Boss","floor":16,"turns":5},{"damage":2,"enemies":"Shell Parasite","floor":18,"turns":5},{"damage":1,"enemies":"Chosen","floor":21,"turns":4},{"damage":26,"enemies":"Snake Plant","floor":24,"turns":4},{"damage":25,"enemies":"Book of Stabbing","floor":27,"turns":6},{"damage":23,"enemies":"Centurion and Healer","floor":28,"turns":3}],"seed_played":"-6686788215638410170","potions_obtained":[{"floor":2,"key":"bronze:BurnAndBuffPotion"},{"floor":5,"key":"Energy Potion"},{"floor":12,"key":"Slimebound:ThreeZeroPotion"},{"floor":14,"key":"BlessingOfTheForge"},{"floor":16,"key":"BlessingOfTheForge"},{"floor":21,"key":"champ:CounterPotion"},{"floor":24,"key":"Fire Potion"}],"is_trial":false,"path_per_floor":["M","M","$","M","M","R","E","R","T","R","M","M","M","M","R","B",null,"M","?","$","M","?","R","M","?","T","E","M"],"character_chosen":"WATCHER","items_purchased":["CutThroughFate","Prostrate","ClearTheMind","Nirvana"],"campfire_rested":1,"item_purchase_floors":[3,3,20,20],"current_hp_per_floor":[72,71,71,71,61,61,45,45,45,45,32,17,14,14,35,35,72,70,64,64,63,63,63,37,37,37,12,0],"gold":227,"neow_bonus":"ONE_RANDOM_RARE_CARD","is_prod":false,"is_daily":false,"chose_seed":false,"campfire_upgraded":4,"win_rate":0,"timestamp":1672521635,"path_taken":["M","M","$","M","M","R","E","R","T","R","M","M","?","M","R","BOSS","M","?","$","M","?","R","?","?","T","E","?"],"build_version":"2022-12-18","purchased_purges":1,"victory":false,"max_hp_per_floor":[72,72,72,72,72,72,72,72,72,72,72,72,72,72,72,72,72,72,72,72,72,72,72,72,72,72,72,72],"card_choices":[{"not_picked":["FlyingSleeves","ThirdEye"],"picked":"PathToVictory","floor":1},{"not_picked":["Wireheading","Halt"],"picked":"DeceiveReality","floor":2},{"not_picked":["CrushJoints","EmptyBody"],"picked":"CarveReality","floor":4},{"not_picked":["Evaluate","EmptyBody"],"picked":"ReachHeaven","floor":5},{"not_picked":["Meditate","CrushJoints"],"picked":"Crescendo","floor":7},{"not_picked":["Prostrate","Meditate","PathToVictory"],"picked":"JustLucky","floor":11},{"not_picked":["CarveReality","SashWhip","Study"],"picked":"Scrawl","floor":12},{"not_picked":["Halt","SashWhip","PathToVictory"],"picked":"Protect","floor":13},{"not_picked":["Crescendo","Collect","FlyingSleeves"],"picked":"Consecrate","floor":14},{"not_picked":["Omniscience","Ragnarok","Scrawl"],"picked":"Brilliance","floor":16},{"not_picked":["FlyingSleeves+1","BowlingBash","CarveReality+1"],"picked":"Prostrate","floor":18},{"not_picked":["ThirdEye+1","Tantrum","Evaluate"],"picked":"Prostrate","floor":21},{"not_picked":["CrushJoints","WaveOfTheHand"],"picked":"Weave","floor":24},{"not_picked":["DeusExMachina","Consecrate+1"],"picked":"FlurryOfBlows","floor":27}],"player_experience":1198052,"relics_obtained":[{"floor":7,"key":"Mercury Hourglass"},{"floor":9,"key":"Question Card"},{"floor":26,"key":"Bottled Lightning"},{"floor":27,"key":"Damaru"}],"event_choices":[{"damage_healed":0,"gold_gain":0,"player_choice":"Joined the Cult","damage_taken":6,"max_hp_gain":0,"max_hp_loss":0,"event_name":"Nest","floor":19,"gold_loss":0,"cards_obtained":["RitualDagger"]},{"damage_healed":0,"gold_gain":0,"player_choice":"Traded Relic","damage_taken":0,"relics_obtained":["Nloth\u0027s Gift"],"max_hp_gain":0,"max_hp_loss":0,"event_name":"N\u0027loth","floor":22,"relics_lost":["Question Card"],"gold_loss":0},{"damage_healed":0,"gold_gain":0,"player_choice":"Trade","damage_taken":0,"relics_obtained":["SsserpentHead"],"max_hp_gain":0,"max_hp_loss":0,"event_name":"FaceTrader","floor":25,"gold_loss":0}],"is_beta":false,"boss_relics":[{"not_picked":["Coffee Dripper","Busted Crown"],"picked":"Cursed Key"}],"items_purged_floors":[20],"is_endless":false,"potions_floor_spawned":[2,5,12,14,16,21,24],"killed_by":"Centurion and Healer","ascension_level":0}