{"gold_per_floor":[112,124,142,159,172,172,205,205,274,304,304],"floor_reached":11,"playtime":601,"items_purged":[],"score":132,"play_id":"0217f264-1751-4d40-b4c9-7487d5b02864","local_time":"20221227165415","is_ascension_mode":true,"campfire_choices":[{"floor":6,"key":"REST"},{"data":"Fasting2","floor":8,"key":"SMITH"}],"neow_cost":"","seed_source_timestamp":966856893909000,"circlet_count":0,"master_deck":["AscendersBane","Strike_P","Strike_P","Strike_P","Strike_P","Defend_P","Defend_P","Defend_P","Defend_P","Eruption","Vigilance","SandsOfTime","TalkToTheHand","CutThroughFate","Indignation","EmptyMind","DeceiveReality","Fasting2+1","ThirdEye"],"relics":["PureWater","moreChoices:MoreCardChoices","Ice Cream","Pen Nib","Mummified Hand","Turnip"],"potions_floor_usage":[2,2,4,7,7],"damage_taken":[{"damage":1,"enemies":"Cultist","floor":1,"turns":3},{"damage":14,"enemies":"Small Slimes","floor":2,"turns":4},{"damage":15,"enemies":"Jaw Worm","floor":3,"turns":3},{"damage":13,"enemies":"Blue Slaver","floor":4,"turns":2},{"damage":0,"enemies":"Large Slime","floor":5,"turns":3},{"damage":8,"enemies":"3 Sentries","floor":7,"turns":9},{"damage":21,"enemies":"Gremlin Nob","floor":10,"turns":4},{"damage":11,"enemies":"Lots of Slimes","floor":11,"turns":2}],"seed_played":"-3491833783453460182","potions_obtained":[{"floor":1,"key":"EntropicBrew"},{"floor":2,"key":"Fruit Juice"},{"floor":4,"key":"AttackPotion"},{"floor":5,"key":"BottledMiracle"}],"is_trial":false,"path_per_floor":["M","M","M","M","M","R","E","R","T","E","M"],"character_chosen":"WATCHER","items_purchased":["Ice Cream","SandsOfTime"],"campfire_rested":1,"item_purchase_floors":[0,0],"current_hp_per_floor":[52,43,28,20,20,43,35,35,35,14,3],"gold":304,"neow_bonus":"","is_prod":false,"is_daily":false,"chose_seed":false,"campfire_upgraded":1,"win_rate":0,"timestamp":1672178055,"path_taken":["M","?","M","M","?","R","E","R","T","E","M"],"build_version":"2022-12-18","purchased_purges":0,"victory":false,"max_hp_per_floor":[72,72,72,77,77,77,77,77,77,77,77],"card_choices":[{"not_picked":["MentalFortress","FlyingSleeves","ClearTheMind","Meditate"],"picked":"TalkToTheHand","floor":1},{"not_picked":["CrushJoints","Prostrate","SashWhip","ForeignInfluence"],"picked":"CutThroughFate","floor":2},{"not_picked":["CutThroughFate","WaveOfTheHand","BowlingBash","Halt"],"picked":"Indignation","floor":3},{"not_picked":["JustLucky","Vengeance","ClearTheMind","CrushJoints"],"picked":"EmptyMind","floor":4},{"not_picked":["Pray","EmptyMind","BowlingBash","JustLucky"],"picked":"DeceiveReality","floor":5},{"not_picked":["Study","ConjureBlade","InnerPeace","ForeignInfluence"],"picked":"Fasting2","floor":7},{"not_picked":["FlyingSleeves","Prostrate","Wireheading","WheelKick"],"picked":"ThirdEye","floor":10}],"player_experience":1147574,"relics_obtained":[{"floor":7,"key":"Pen Nib"},{"floor":9,"key":"Mummified Hand"},{"floor":10,"key":"Turnip"}],"event_choices":[],"is_beta":false,"boss_relics":[],"items_purged_floors":[],"is_endless":false,"potions_floor_spawned":[1,2,4,5],"killed_by":"Lots of Slimes","ascension_level":11}