{"gold_per_floor":[113,133,145,158,174,191,220,235,235,265,265,300,300,315,315,415,415,429,529,39,51,51,77,90,102,153,185,185,198,198,210,210,310,410,429,444,457,477,489,489,515,528,528,528,233,282,323,409,409,463],"floor_reached":51,"playtime":4331,"items_purged":["Defend_P"],"score":1274,"play_id":"dce98373-fed6-4044-841c-cbeb241d22ed","local_time":"20221228232308","is_ascension_mode":false,"campfire_choices":[{"data":"Eruption","floor":11,"key":"SMITH"},{"data":"FlurryOfBlows","floor":13,"key":"SMITH"},{"floor":15,"key":"REST"},{"data":"Replay:LoomingThreat","floor":28,"key":"SMITH"},{"data":"Replay:AtTheReady","floor":32,"key":"SMITH"},{"data":"Replay:AtTheReady","floor":40,"key":"SMITH"},{"data":"DevaForm","floor":44,"key":"SMITH"},{"data":"EmptyFist","floor":49,"key":"SMITH"}],"neow_cost":"","seed_source_timestamp":1072845256532199,"circlet_count":0,"master_deck":["Strike_P","Strike_P","Strike_P","Strike_P","Defend_P","Defend_P","Eruption+1","Vigilance","ReachHeaven","SashWhip","Replay:Battleflow","Replay:AtTheReady+1","FlurryOfBlows+1","FlurryOfBlows","EmptyBody","Protect","DeceiveReality","FlurryOfBlows","CutThroughFate","EmptyFist+1","Blasphemy","Replay:Hum+1","Master of Strategy","JustLucky","Replay:LoomingThreat+1","Replay:ManipulateFuture+1","Weave","DevaForm+1","FlurryOfBlows","Replay:AtTheReady+1","Conclude+1","Weave+1","Crescendo+1","Adaptation+1"],"relics":["PureWater","moreChoices:MoreCardChoices","StrikeDummy","HornCleat","Bottled Lightning","hermit:Horseshoe","bronze:DecasWashers","Runic Pyramid","Pet Ghost","Bag of Preparation","Replay:Wax Seal","Snack Pack","Replay:Wanted Poster","Bird Faced Urn","Replay:Bandana","Pondfish Scales","Ice Cream"],"potions_floor_usage":[7,7,10,16,27,27,33,36,38,41,41,50,50],"damage_taken":[{"damage":0,"enemies":"Small Slimes","floor":1,"turns":2},{"damage":1,"enemies":"Jaw Worm","floor":2,"turns":3},{"damage":3,"enemies":"2 Louse","floor":3,"turns":3},{"damage":10,"enemies":"Looter","floor":4,"turns":2},{"damage":0,"enemies":"Gremlin Gang","floor":5,"turns":3},{"damage":1,"enemies":"Lots of Slimes","floor":6,"turns":4},{"damage":17,"enemies":"Replay:BlueRogue","floor":7,"turns":3},{"damage":0,"enemies":"Looter","floor":8,"turns":3},{"damage":0,"enemies":"Lagavulin","floor":10,"turns":5},{"damage":18,"enemies":"Replay:BlueRogue","floor":12,"turns":2},{"damage":0,"enemies":"Exordium Thugs","floor":14,"turns":2},{"damage":3,"enemies":"Hexaghost","floor":16,"turns":8},{"damage":0,"enemies":"2 Thieves","floor":18,"turns":2},{"damage":0,"enemies":"Chosen","floor":21,"turns":1},{"damage":0,"enemies":"Replay:Snechameleon","floor":23,"turns":2},{"damage":0,"enemies":"3 Cultists","floor":24,"turns":3},{"damage":4,"enemies":"Centurion and Healer","floor":25,"turns":3},{"damage":3,"enemies":"Slavers","floor":27,"turns":3},{"damage":0,"enemies":"Snecko","floor":29,"turns":2},{"damage":0,"enemies":"Snake Plant","floor":31,"turns":2},{"damage":4,"enemies":"Pondfish","floor":33,"turns":6},{"damage":0,"enemies":"3 Darklings","floor":35,"turns":3},{"damage":17,"enemies":"3 Shapes","floor":36,"turns":3},{"damage":2,"enemies":"3 Darklings","floor":37,"turns":3},{"damage":11,"enemies":"Jaw Worm Horde","floor":38,"turns":3},{"damage":10,"enemies":"4 Shapes","floor":39,"turns":3},{"damage":0,"enemies":"Giant Head","floor":41,"turns":6},{"damage":0,"enemies":"3 Darklings","floor":42,"turns":3},{"damage":2,"enemies":"Maw","floor":46,"turns":4},{"damage":0,"enemies":"Spire Growth","floor":47,"turns":3},{"damage":4,"enemies":"Mind Bloom Boss Battle","floor":48,"turns":6},{"damage":8,"enemies":"Donu and Deca","floor":50,"turns":6}],"seed_played":"3868365519152590406","potions_obtained":[{"floor":4,"key":"Dexterity Potion"},{"floor":6,"key":"Regen Potion"},{"floor":7,"key":"Fire Potion"},{"floor":10,"key":"PowerPotion"},{"floor":16,"key":"Weak Potion"},{"floor":21,"key":"PowerPotion"},{"floor":25,"key":"Block Potion"},{"floor":29,"key":"Regen Potion"},{"floor":31,"key":"Doom Potion"},{"floor":33,"key":"Block Potion"},{"floor":35,"key":"AttackPotion"},{"floor":36,"key":"FairyPotion"},{"floor":39,"key":"DistilledChaos"},{"floor":41,"key":"BlessingOfTheForge"},{"floor":46,"key":"Reflective Coating"}],"is_trial":false,"path_per_floor":["M","M","M","M","M","M","E","M","T","E","R","E","R","M","R","B",null,"M","?","$","M","?","E","M","M","T","E","R","M","?","M","R","B",null,"M","M","M","M","M","R","E","M","T","R","$","M","M","?","R","B",null],"character_chosen":"WATCHER","items_purchased":["StrikeDummy","ReachHeaven","SashWhip","Pet Ghost","Master of Strategy","Pondfish Scales"],"campfire_rested":1,"item_purchase_floors":[0,0,0,20,20,45],"current_hp_per_floor":[61,60,57,47,47,46,38,38,38,38,38,20,20,20,41,38,72,72,72,72,72,72,72,72,68,68,65,65,71,71,72,72,72,72,72,57,65,65,63,63,72,72,72,72,72,71,72,69,69,72],"gold":463,"neow_bonus":"","is_prod":false,"is_daily":false,"chose_seed":false,"campfire_upgraded":7,"win_rate":0,"timestamp":1672287788,"path_taken":["M","M","M","M","M","M","E","M","T","E","R","E","R","M","R","BOSS","M","?","$","M","?","E","?","M","T","E","R","M","?","M","R","BOSS","M","M","M","?","M","R","E","M","T","R","$","M","M","?","R","BOSS"],"build_version":"2022-12-18","purchased_purges":1,"victory":true,"max_hp_per_floor":[72,72,72,72,72,72,72,72,72,72,72,72,72,72,72,72,72,72,72,72,72,72,72,72,72,72,72,72,72,72,72,72,72,72,72,72,72,72,72,72,72,72,72,72,72,72,72,72,72,72],"card_choices":[{"not_picked":["Replay:ManipulateFuture","Weave","SashWhip","PathToVictory"],"picked":"Replay:Battleflow","floor":1},{"not_picked":["CutThroughFate","Weave","Adaptation","CarveReality"],"picked":"Replay:AtTheReady","floor":2},{"not_picked":["EmptyBody","Collect","Protect","Prostrate"],"picked":"FlurryOfBlows","floor":3},{"not_picked":["ThirdEye","BowlingBash","CrushJoints","Swivel"],"picked":"FlurryOfBlows","floor":4},{"not_picked":["EmptyFist","FlurryOfBlows","Consecrate","Replay:DivineShield"],"picked":"EmptyBody","floor":5},{"not_picked":["Indignation","EmptyFist","DeceiveReality","Sanctity"],"picked":"Protect","floor":6},{"not_picked":["SashWhip","Prostrate","BowlingBash","DevaForm"],"picked":"DeceiveReality","floor":7},{"not_picked":["Sanctity","LikeWater","TalkToTheHand","FollowUp"],"picked":"FlurryOfBlows","floor":8},{"not_picked":["Wireheading","Study","Replay:ManipulateFuture","Replay:BluntJabs"],"picked":"CutThroughFate","floor":10},{"not_picked":["WaveOfTheHand","EmptyFist","ThirdEye","TalkToTheHand","Prostrate"],"picked":"SKIP","floor":12},{"not_picked":["SashWhip","Protect","FlurryOfBlows","CrushJoints"],"picked":"EmptyFist","floor":14},{"not_picked":["Vault","Establishment","Scrawl","Devotion"],"picked":"Blasphemy","floor":16},{"not_picked":["WindmillStrike","DeceiveReality","Crescendo","Fasting2"],"picked":"Replay:Hum+1","floor":18},{"not_picked":["CarveReality","Nirvana","Indignation","FlyingSleeves+1"],"picked":"JustLucky","floor":21},{"not_picked":["Crescendo","Replay:BluntJabs+1","FollowUp","Consecrate"],"picked":"Replay:LoomingThreat","floor":23},{"not_picked":["EmptyFist","ThirdEye","BowlingBash+1","ReachHeaven","FlyingSleeves"],"picked":"SKIP","floor":24},{"not_picked":["Perseverance","Tantrum+1","CutThroughFate+1","Sanctity","Fasting2"],"picked":"SKIP","floor":25},{"not_picked":["FlyingSleeves","Replay:BluntJabs","Halt","Study"],"picked":"Replay:ManipulateFuture+1","floor":27},{"not_picked":["FollowUp","Prostrate","EmptyMind","Replay:AtTheReady","EmptyFist"],"picked":"SKIP","floor":29},{"not_picked":["Crescendo","SashWhip","TalkToTheHand","FollowUp"],"picked":"Weave","floor":31},{"not_picked":["Omniscience","Scrawl","ConjureBlade","Ragnarok"],"picked":"DevaForm","floor":33},{"not_picked":["ReachHeaven","Study+1","Replay:BluntJabs+1","Pray","Wallop"],"picked":"SKIP","floor":35},{"not_picked":["EmptyBody+1","ClearTheMind+1","Replay:BluntJabs+1","EmptyFist"],"picked":"FlurryOfBlows","floor":36},{"not_picked":["PathToVictory","Crescendo+1","CrushJoints+1","Collect+1","ThirdEye"],"picked":"SKIP","floor":37},{"not_picked":["CutThroughFate","Replay:BluntJabs+1","FlyingSleeves+1","CrushJoints+1","Prostrate"],"picked":"SKIP","floor":38},{"not_picked":["Replay:Battleflow","SandsOfTime","Replay:Hum","BowlingBash+1"],"picked":"Replay:AtTheReady","floor":39},{"not_picked":["SashWhip+1","Evaluate","Alpha","EmptyBody+1"],"picked":"Conclude+1","floor":41},{"not_picked":["CrushJoints","Evaluate","FollowUp","Halt+1"],"picked":"Weave+1","floor":42},{"not_picked":["FlurryOfBlows+1","MentalFortress+1","Pray","ClearTheMind"],"picked":"Crescendo+1","floor":46},{"not_picked":["DeceiveReality+1","BowlingBash+1","EmptyFist+1","Replay:BluntJabs+1"],"picked":"Adaptation+1","floor":47}],"player_experience":1162268,"relics_obtained":[{"floor":7,"key":"HornCleat"},{"floor":9,"key":"Bottled Lightning"},{"floor":10,"key":"hermit:Horseshoe"},{"floor":12,"key":"bronze:DecasWashers"},{"floor":23,"key":"Bag of Preparation"},{"floor":26,"key":"Replay:Wax Seal"},{"floor":27,"key":"Snack Pack"},{"floor":41,"key":"Bird Faced Urn"},{"floor":43,"key":"Replay:Bandana"},{"floor":48,"key":"Ice Cream"}],"event_choices":[{"damage_healed":0,"gold_gain":100,"player_choice":"Pray","damage_taken":0,"max_hp_gain":0,"max_hp_loss":0,"event_name":"Golden Shrine","floor":19,"gold_loss":0},{"cards_removed":["Defend_P"],"damage_healed":0,"gold_gain":0,"player_choice":"Purged","damage_taken":0,"max_hp_gain":0,"max_hp_loss":0,"event_name":"Purifier","floor":22,"gold_loss":0},{"damage_healed":0,"gold_gain":0,"player_choice":"Ignored","damage_taken":0,"max_hp_gain":0,"max_hp_loss":0,"event_name":"betterNote:BetterNote","floor":30,"gold_loss":0,"cards_obtained":["Blasphemy"]},{"damage_healed":0,"gold_gain":0,"player_choice":"Fight","damage_taken":0,"max_hp_gain":0,"max_hp_loss":0,"event_name":"MindBloom","floor":48,"gold_loss":0}],"is_beta":false,"boss_relics":[{"not_picked":["Velvet Choker","energizedSpire:HugeHouse"],"picked":"Runic Pyramid"},{"not_picked":["ReplayTheSpireMod:DimensionalGlitch","Tiny House"],"picked":"Replay:Wanted Poster"}],"items_purged_floors":[20],"is_endless":false,"potions_floor_spawned":[4,6,7,10,16,21,25,29,31,33,35,36,39,41,46,47],"ascension_level":0}