{"gold_per_floor":[113,188,204,204,219,219,245,265,288,288,306,322,322,322,322,420,420,434,434,23,23],"floor_reached":21,"playtime":780,"items_purged":["Strike_P"],"score":355,"play_id":"0d6b51ab-fd67-4cec-b1b1-0990b968c3c5","local_time":"20221228012134","is_ascension_mode":true,"campfire_choices":[{"data":"BattleHymn","floor":6,"key":"SMITH"},{"floor":10,"key":"REST"},{"floor":15,"key":"REST"}],"neow_cost":"","seed_source_timestamp":997118104024300,"circlet_count":0,"master_deck":["AscendersBane","Strike_P","Strike_P","Defend_P+1","Defend_P","Defend_P","Defend_P","Eruption","Vigilance+1","SignatureMove","BowlingBash","BattleHymn+1","JustLucky","CrushJoints","FollowUp","Nirvana","CutThroughFate","Judgement","CutThroughFate","Omniscience","LikeWater","Halt"],"relics":["PureWater","moreChoices:MoreCardChoices","Blood Vial","War Paint","SlaversCollar","Gremlin Horn"],"potions_floor_usage":[7,7,21],"damage_taken":[{"damage":12,"enemies":"Jaw Worm","floor":1,"turns":2},{"damage":0,"enemies":"Cultist","floor":3,"turns":2},{"damage":5,"enemies":"2 Louse","floor":5,"turns":2},{"damage":8,"enemies":"3 Sentries","floor":7,"turns":5},{"damage":14,"enemies":"Blue Slaver","floor":8,"turns":4},{"damage":13,"enemies":"3 Louse","floor":11,"turns":3},{"damage":10,"enemies":"Red Slaver","floor":12,"turns":3},{"damage":0,"enemies":"Slime Boss","floor":16,"turns":5},{"damage":38,"enemies":"Shell Parasite","floor":18,"turns":6},{"damage":45,"enemies":"3 Byrds","floor":21,"turns":3}],"seed_played":"-4379452883557779771","potions_obtained":[{"floor":3,"key":"Dexterity Potion"},{"floor":5,"key":"Fire Potion"},{"floor":16,"key":"Fruit Juice"}],"is_trial":false,"path_per_floor":["M","?","M","?","M","R","E","M","T","R","M","M","?","?","R","B",null,"M","?","$","M"],"character_chosen":"WATCHER","items_purchased":["SignatureMove","Gremlin Horn","LikeWater","Halt"],"campfire_rested":2,"item_purchase_floors":[0,20,20,20],"current_hp_per_floor":[53,42,42,42,37,37,29,17,17,38,27,19,12,12,33,35,63,27,27,27,0],"gold":23,"neow_bonus":"","is_prod":false,"is_daily":false,"chose_seed":false,"campfire_upgraded":1,"win_rate":0,"timestamp":1672208494,"path_taken":["M","?","M","?","M","R","E","M","T","R","?","M","?","?","R","BOSS","M","?","$","M"],"build_version":"2022-12-18","purchased_purges":1,"victory":false,"max_hp_per_floor":[72,72,72,72,72,72,72,72,72,72,72,72,72,72,72,72,72,72,72,72,77],"card_choices":[{"not_picked":["LikeWater","Sanctity","Swivel","ThirdEye"],"picked":"BowlingBash","floor":1},{"not_picked":["Halt","EmptyBody","BowlingBash","Prostrate"],"picked":"BattleHymn","floor":3},{"not_picked":["Protect","Evaluate","PathToVictory","SpiritShield"],"picked":"JustLucky","floor":5},{"not_picked":["InnerPeace","Adaptation","Tantrum","Halt"],"picked":"CrushJoints","floor":7},{"not_picked":["WreathOfFlame","SashWhip","Protect","Vault"],"picked":"FollowUp","floor":8},{"not_picked":["Protect","BowlingBash","ThirdEye","CutThroughFate"],"picked":"Nirvana","floor":11},{"not_picked":["Perseverance","SashWhip","CrushJoints","Brilliance"],"picked":"CutThroughFate","floor":12},{"not_picked":["Brilliance","Establishment","Ragnarok","Blasphemy"],"picked":"Judgement","floor":16},{"not_picked":["Meditate","PathToVictory","ClearTheMind","WreathOfFlame"],"picked":"CutThroughFate","floor":18}],"player_experience":1153206,"relics_obtained":[{"floor":7,"key":"Blood Vial"},{"floor":9,"key":"War Paint"}],"event_choices":[{"damage_healed":0,"gold_gain":75,"player_choice":"Gather Gold","damage_taken":11,"max_hp_gain":0,"max_hp_loss":0,"event_name":"World of Goop","floor":2,"gold_loss":0},{"damage_healed":0,"gold_gain":0,"player_choice":"Cursed","damage_taken":0,"max_hp_gain":0,"max_hp_loss":0,"event_name":"Wheel of Change","floor":4,"gold_loss":0,"cards_obtained":["Decay"]},{"cards_removed":["Decay"],"damage_healed":0,"gold_gain":0,"player_choice":"Card Removal","damage_taken":7,"max_hp_gain":0,"max_hp_loss":0,"event_name":"Golden Wing","floor":13,"gold_loss":0},{"damage_healed":0,"gold_gain":0,"player_choice":"Fled","damage_taken":0,"max_hp_gain":0,"max_hp_loss":0,"event_name":"Scrap Ooze","floor":14,"gold_loss":0},{"damage_healed":0,"gold_gain":0,"cards_transformed":["Strike_P"],"player_choice":"Transformed","damage_taken":0,"max_hp_gain":0,"max_hp_loss":0,"event_name":"Transmorgrifier","floor":19,"gold_loss":0,"cards_obtained":["Omniscience"]}],"is_beta":false,"boss_relics":[{"not_picked":["bronze:MakeshiftBattery","Runic Pyramid"],"picked":"SlaversCollar"}],"items_purged_floors":[20],"is_endless":false,"potions_floor_spawned":[3,5,16],"killed_by":"3 Byrds","ascension_level":11}