{"gold_per_floor":[118,118,133,208,208,208,208],"floor_reached":7,"playtime":332,"items_purged":["Strike_P"],"score":60,"play_id":"35201b22-32ae-4653-8dd3-32872cbc1d03","local_time":"20221228010819","is_ascension_mode":true,"campfire_choices":[{"floor":6,"key":"REST"}],"neow_cost":"","seed_source_timestamp":996771692721100,"circlet_count":0,"master_deck":["AscendersBane","Strike_P","Strike_P","Defend_P","Defend_P","Defend_P","Defend_P","Eruption","Vigilance","JustLucky","EmptyMind","TalkToTheHand","Secret Technique","Meditate","InnerPeace","PathToVictory","EmptyBody"],"relics":["PureWater","moreChoices:MoreCardChoices","GoldenEye","CloakClasp"],"potions_floor_usage":[7],"damage_taken":[{"damage":0,"enemies":"Small Slimes","floor":1,"turns":5},{"damage":2,"enemies":"Jaw Worm","floor":3,"turns":3},{"damage":47,"enemies":"Gremlin Nob","floor":7,"turns":4}],"seed_played":"-2526450104022468010","potions_obtained":[{"floor":3,"key":"AttackPotion"}],"is_trial":false,"path_per_floor":["M","?","M","?","?","R","E"],"character_chosen":"WATCHER","items_purchased":["JustLucky","EmptyMind","GoldenEye","TalkToTheHand","Secret Technique","Meditate"],"campfire_rested":1,"item_purchase_floors":[0,0,0,0,0,0],"current_hp_per_floor":[44,44,42,31,13,34,0],"gold":208,"neow_bonus":"","is_prod":false,"is_daily":false,"chose_seed":false,"campfire_upgraded":0,"win_rate":0,"timestamp":1672207699,"path_taken":["M","?","M","?","?","R","E"],"build_version":"2022-12-18","purchased_purges":1,"victory":false,"max_hp_per_floor":[72,72,72,72,72,72,72],"card_choices":[{"not_picked":["FollowUp","FlurryOfBlows","Evaluate","FlyingSleeves"],"picked":"InnerPeace","floor":1},{"not_picked":["SashWhip","ClearTheMind","LikeWater","Wallop"],"picked":"EmptyBody","floor":3}],"player_experience":1152874,"relics_obtained":[],"event_choices":[{"damage_healed":0,"gold_gain":0,"cards_transformed":["Strike_P"],"player_choice":"Change","damage_taken":0,"max_hp_gain":0,"max_hp_loss":0,"event_name":"Living Wall","floor":2,"gold_loss":0,"cards_obtained":["PathToVictory"]},{"damage_healed":0,"gold_gain":75,"player_choice":"Gather Gold","damage_taken":11,"max_hp_gain":0,"max_hp_loss":0,"event_name":"World of Goop","floor":4,"gold_loss":0},{"damage_healed":0,"gold_gain":0,"player_choice":"Success","damage_taken":18,"relics_obtained":["CloakClasp"],"max_hp_gain":0,"max_hp_loss":0,"event_name":"Scrap Ooze","floor":5,"gold_loss":0}],"is_beta":false,"boss_relics":[],"items_purged_floors":[0],"is_endless":false,"potions_floor_spawned":[3],"killed_by":"Gremlin Nob","ascension_level":11}