{"gold_per_floor":[113,124,138,15,31,57,69,69,69,69,24,51,63,77,77,176,176,191,0,0,19,19,44,44],"floor_reached":24,"playtime":1054,"items_purged":["Defend_P","Strike_P"],"score":378,"play_id":"674f6106-3ec1-49f1-a2c5-a52b1b690f2e","local_time":"20221227171621","is_ascension_mode":true,"campfire_choices":[{"data":"Eruption","floor":8.0,"key":"SMITH"},{"floor":15.0,"key":"REST"}],"neow_cost":"","seed_source_timestamp":967657195114400,"circlet_count":0,"master_deck":["AscendersBane","Strike_P","Defend_P","Defend_P","Defend_P","Eruption+1","Vigilance","SignatureMove","Wallop","FlurryOfBlows","ThirdEye","FlurryOfBlows","TalkToTheHand","CutThroughFate","ThirdEye","Indignation","EmptyBody","Worship","ClearTheMind","Blasphemy","FlurryOfBlows","Panacea","FlyingSleeves","JustLucky","FlurryOfBlows"],"special_seed":0,"relics":["PureWater","moreChoices:MoreCardChoices","Blue Candle","hermit:BloodyTooth","Regal Pillow","Busted Crown","CloakClasp"],"potions_floor_usage":[],"damage_taken":[{"damage":17.0,"enemies":"Small Slimes","floor":1.0,"turns":3.0},{"damage":0.0,"enemies":"Jaw Worm","floor":2.0,"turns":3.0},{"damage":0.0,"enemies":"Cultist","floor":3.0,"turns":5.0},{"damage":4.0,"enemies":"Looter","floor":5.0,"turns":3.0},{"damage":12.0,"enemies":"3 Sentries","floor":6.0,"turns":4.0},{"damage":0.0,"enemies":"3 Louse","floor":7.0,"turns":4.0},{"damage":29.0,"enemies":"Gremlin Nob","floor":12.0,"turns":3.0},{"damage":2.0,"enemies":"Blue Slaver","floor":13.0,"turns":3.0},{"damage":0.0,"enemies":"Looter","floor":14.0,"turns":3.0},{"damage":10.0,"enemies":"Slime Boss","floor":16.0,"turns":7.0},{"damage":1.0,"enemies":"Spheric Guardian","floor":18.0,"turns":3.0},{"damage":2.0,"enemies":"Chosen","floor":21.0,"turns":3.0},{"damage":54.0,"enemies":"Gremlin Leader","floor":23.0,"turns":3.0},{"damage":5,"enemies":"Centurion and Healer","floor":24,"turns":3}],"seed_played":"-7530650847842663401","potions_obtained":[{"floor":3.0,"key":"expansioncontent:BossPotion"},{"floor":6.0,"key":"Guardian:BlockOnCardUsePotion"},{"floor":7.0,"key":"PowerPotion"},{"floor":12.0,"key":"ColorlessPotion"},{"floor":13.0,"key":"Guardian:BlockOnCardUsePotion"},{"floor":16.0,"key":"Ancient Potion"},{"floor":18.0,"key":"DistilledChaos"}],"is_trial":false,"path_per_floor":["M","M","M","$","M","E","M","R","T","?","$","E","M","M","R","B",null,"M","$","?","M","?","E","M"],"character_chosen":"WATCHER","items_purchased":["SignatureMove","FlurryOfBlows","EmptyBody","Panacea"],"campfire_rested":1,"item_purchase_floors":[0,4,11,19],"current_hp_per_floor":[48,48,48,48,44,32,32,32,32,32,32,3,1,1,37,27,61,60,60,60,58,58,4,0],"gold":44,"neow_bonus":"","is_prod":false,"is_daily":false,"chose_seed":false,"campfire_upgraded":1,"win_rate":0,"timestamp":1672179381,"path_taken":["M","M","M","$","M","E","M","R","T","?","$","E","M","M","R","BOSS","M","$","?","M","?","E","?"],"build_version":"2022-12-18","purchased_purges":2,"victory":false,"max_hp_per_floor":[72,72,72,72,72,72,72,72,72,72,72,72,72,72,72,72,72,72,72,72,72,72,72,72],"card_choices":[{"not_picked":["Study","EmptyFist","Consecrate","SignatureMove"],"picked":"Wallop","floor":1.0},{"not_picked":["Halt","Weave","WreathOfFlame","ClearTheMind"],"picked":"FlurryOfBlows","floor":2.0},{"not_picked":["Meditate","EmptyFist","Consecrate","DeceiveReality"],"picked":"ThirdEye","floor":3.0},{"not_picked":["Halt","PathToVictory","Nirvana","Scrawl"],"picked":"TalkToTheHand","floor":5.0},{"not_picked":["FlyingSleeves","WheelKick","SashWhip","Fasting2"],"picked":"CutThroughFate","floor":6.0},{"not_picked":["Crescendo","Prostrate","CrushJoints","EmptyMind"],"picked":"ThirdEye","floor":7.0},{"not_picked":["WaveOfTheHand","FlyingSleeves","EmptyFist","SashWhip"],"picked":"Worship","floor":12.0},{"not_picked":["CutThroughFate","FlyingSleeves","Prostrate","WindmillStrike"],"picked":"ClearTheMind","floor":13.0},{"not_picked":["EmptyBody","Wallop","DeceiveReality","Meditate","CutThroughFate"],"picked":"SKIP","floor":14.0},{"not_picked":["Wish","Brilliance","Judgement","DevaForm"],"picked":"Blasphemy","floor":16.0},{"not_picked":["Halt","EmptyFist"],"picked":"FlurryOfBlows","floor":18.0},{"not_picked":["Indignation","EmptyBody"],"picked":"FlyingSleeves","floor":21.0},{"not_picked":["Crescendo","SashWhip"],"picked":"FlurryOfBlows","floor":23.0}],"player_experience":1148344,"relics_obtained":[{"floor":6.0,"key":"Blue Candle"},{"floor":9.0,"key":"hermit:BloodyTooth"},{"floor":12.0,"key":"Regal Pillow"},{"floor":23.0,"key":"CloakClasp"}],"event_choices":[{"damage_healed":0.0,"max_hp_gain":0.0,"max_hp_loss":0.0,"gold_gain":0.0,"cards_transformed":["Strike_P"],"event_name":"Living Wall","player_choice":"Change","floor":10.0,"gold_loss":0.0,"damage_taken":0.0,"cards_obtained":["Indignation"]},{"cards_removed":["Strike_P"],"damage_healed":0.0,"max_hp_gain":0.0,"max_hp_loss":0.0,"gold_gain":0.0,"event_name":"Bonfire Elementals","player_choice":"Offered Basic","floor":20.0,"gold_loss":0.0,"damage_taken":0.0},{"damage_healed":0.0,"max_hp_gain":0.0,"max_hp_loss":0.0,"gold_gain":0.0,"event_name":"Match and Keep!","player_choice":"1 cards matched","floor":22.0,"gold_loss":0.0,"damage_taken":0.0,"cards_obtained":["JustLucky"]}],"is_beta":false,"boss_relics":[{"not_picked":["SlaversCollar","energizedSpire:NeverEndingSparkler"],"picked":"Busted Crown"}],"items_purged_floors":[4,19],"is_endless":false,"potions_floor_spawned":[3,6,7,12,13,16,18],"killed_by":"Centurion and Healer","ascension_level":11}