{"gold_per_floor":[110,123,138,68,68,68,78,78,78,89,123,123,123,147,147,271,271,294,294,120,143,163,163,201,201,201,16,41,56,75,91,91,219,219,242,263,326,326,19,37,71,71,95,116,198,198,8,33,33,33],"floor_reached":51,"playtime":3429,"items_purged":["Strike_P","Defend_P","Strike_P","Defend_P"],"score":799,"play_id":"9c4cf7d8-e0d3-4494-9d21-230fc87c0be4","local_time":"20230102115321","is_ascension_mode":false,"campfire_choices":[{"floor":6,"key":"REST"},{"data":"Eruption","floor":8,"key":"SMITH"},{"data":"Scrawl","floor":12,"key":"SMITH"},{"floor":15,"key":"REST"},{"floor":23,"key":"REST"},{"floor":32,"key":"REST"},{"floor":49,"key":"REST"}],"neow_cost":"","seed_source_timestamp":70232605901500,"circlet_count":0,"master_deck":["Strike_P","Defend_P+1","Defend_P","Eruption+1","Vigilance","EmptyBody","Prostrate","WheelKick","TalkToTheHand","LikeWater","Transmutation+1","FearNoEvil","EmptyFist","Crescendo","Prostrate","Vengeance","Weave","SandsOfTime","Scrawl+1","CutThroughFate","Vault","CurseOfTheBell","MentalFortress+1","EmptyMind","Pray","InnerPeace+1","RitualDagger","CrushJoints","Weave","FlurryOfBlows","Consecrate","Study","Brilliance","ThirdEye+1","Devotion","FlyingSleeves","FlurryOfBlows","SandsOfTime+1","Prostrate","PanicButton","Worship+1"],"relics":["HolyWater","moreChoices:MoreCardChoices","FossilizedHelix","Blue Candle","Bronze Scales","Golden Idol","Calling Bell","TungstenRod","Shuriken","Tiny Chest","The Courier","Anchor","Damaru","GoldenEye","Unceasing Top","Bottled Tornado","War Paint","Mummified Hand","Yang"],"potions_floor_usage":[11,18,18,18,18,24,30,31,33,33,33,33,36,37,41,50,50],"damage_taken":[{"damage":0,"enemies":"Cultist","floor":1,"turns":4},{"damage":0,"enemies":"Small Slimes","floor":2,"turns":3},{"damage":0,"enemies":"2 Louse","floor":3,"turns":1},{"damage":0,"enemies":"Blue Slaver","floor":7,"turns":3},{"damage":0,"enemies":"Exordium Wildlife","floor":10,"turns":4},{"damage":6,"enemies":"Gremlin Nob","floor":11,"turns":4},{"damage":0,"enemies":"3 Louse","floor":14,"turns":2},{"damage":0,"enemies":"Slime Boss","floor":16,"turns":5},{"damage":29,"enemies":"Shell Parasite","floor":18,"turns":4},{"damage":27,"enemies":"3 Byrds","floor":21,"turns":5},{"damage":2,"enemies":"Sentry and Sphere","floor":22,"turns":5},{"damage":0,"enemies":"Book of Stabbing","floor":24,"turns":6},{"damage":7,"enemies":"Snecko","floor":29,"turns":4},{"damage":0,"enemies":"Centurion and Healer","floor":30,"turns":3},{"damage":0,"enemies":"Snake Plant","floor":31,"turns":3},{"damage":8,"enemies":"Automaton","floor":33,"turns":5},{"damage":1,"enemies":"Orb Walker","floor":35,"turns":4},{"damage":0,"enemies":"3 Darklings","floor":36,"turns":4},{"damage":25,"enemies":"Mind Bloom Boss Battle","floor":37,"turns":5},{"damage":0,"enemies":"Transient","floor":40,"turns":5},{"damage":15,"enemies":"Nemesis","floor":41,"turns":3},{"damage":0,"enemies":"Sphere and 2 Shapes","floor":44,"turns":3},{"damage":0,"enemies":"4 Shapes","floor":48,"turns":3},{"damage":44,"enemies":"Time Eater","floor":50,"turns":6}],"seed_played":"-5670089983385323894","potions_obtained":[{"floor":1,"key":"PowerPotion"},{"floor":7,"key":"EntropicBrew"},{"floor":10,"key":"SpeedPotion"},{"floor":21,"key":"BottledMiracle"},{"floor":29,"key":"LiquidMemories"},{"floor":30,"key":"EntropicBrew"},{"floor":31,"key":"DuplicationPotion"},{"floor":35,"key":"PowerPotion"},{"floor":40,"key":"EntropicBrew"},{"floor":48,"key":"StancePotion"}],"is_trial":false,"path_per_floor":["M","M","M","$","?","R","M","R","T","M","E","R","?","M","R","B",null,"M","?","$","M","M","R","E","?","T","$","T","M","M","M","R","B",null,"M","M","?","?","$","M","E","T","T","M","T","?","$","M","R","B",null],"character_chosen":"WATCHER","items_purchased":["EmptyBody","Prostrate","WheelKick","TalkToTheHand","LikeWater","FearNoEvil","EmptyFist","Vengeance","EmptyMind","CrushJoints","Weave","Devotion","FlyingSleeves","FlurryOfBlows","Yang"],"campfire_rested":5,"item_purchase_floors":[0,0,0,0,0,0,0,4,20,27,27,39,39,39,47],"current_hp_per_floor":[40,40,40,40,33,54,54,54,54,54,48,48,30,30,51,51,72,43,43,43,16,14,35,35,30,30,30,30,23,23,23,44,36,72,71,71,46,46,46,46,31,31,31,31,31,31,31,31,52,8],"gold":33,"neow_bonus":"","is_prod":false,"is_daily":false,"chose_seed":false,"campfire_upgraded":2,"win_rate":0,"timestamp":1672678401,"path_taken":["M","?","M","$","?","R","M","R","T","M","E","R","?","M","R","BOSS","M","?","$","M","M","R","E","?","T","?","?","M","M","M","R","BOSS","M","M","?","?","$","M","E","?","T","M","?","?","?","M","R","BOSS"],"build_version":"2022-12-18","purchased_purges":4,"victory":true,"max_hp_per_floor":[72,72,72,72,72,72,72,72,72,72,72,72,72,72,72,72,72,72,72,72,72,72,72,72,72,72,72,72,72,72,72,72,72,72,72,72,72,72,72,72,72,72,72,72,72,72,72,72,72,72],"card_choices":[{"not_picked":["FollowUp","SignatureMove","Evaluate","Perseverance"],"picked":"Wireheading","floor":1},{"not_picked":["Adaptation","ClearTheMind","WheelKick","DeceiveReality"],"picked":"Crescendo","floor":2},{"not_picked":["SandsOfTime","Consecrate","Halt","FollowUp"],"picked":"Prostrate","floor":3},{"not_picked":["CrushJoints","JustLucky","Ragnarok","BowlingBash"],"picked":"Weave","floor":7},{"not_picked":["FlyingSleeves","Wireheading","FlurryOfBlows","BowlingBash"],"picked":"SandsOfTime","floor":10},{"not_picked":["SashWhip","FlyingSleeves","Wallop","PathToVictory"],"picked":"Scrawl","floor":11},{"not_picked":["FollowUp","EmptyBody","Protect","Meditate"],"picked":"CutThroughFate","floor":14},{"not_picked":["LessonLearned","ConjureBlade","DeusExMachina","Judgement"],"picked":"Vault","floor":16},{"not_picked":["ReachHeaven","SashWhip","EmptyFist+1","SignatureMove"],"picked":"MentalFortress+1","floor":18},{"not_picked":["Evaluate","Fasting2","Ragnarok","FollowUp"],"picked":"Pray","floor":21},{"not_picked":["PathToVictory","BowlingBash","WreathOfFlame+1","Evaluate"],"picked":"InnerPeace+1","floor":22},{"not_picked":["Vengeance","Evaluate+1","SandsOfTime+1","Wireheading+1","PathToVictory"],"picked":"SKIP","floor":24},{"not_picked":["Meditate+1","ReachHeaven+1","MasterReality","Evaluate"],"picked":"FlurryOfBlows","floor":29},{"not_picked":["CrushJoints+1","Conclude+1","FearNoEvil","Halt"],"picked":"Consecrate","floor":30},{"not_picked":["Halt","WreathOfFlame","Crescendo","PathToVictory"],"picked":"Study","floor":31},{"not_picked":["DeusExMachina","Alpha","ConjureBlade","Judgement"],"picked":"Brilliance","floor":33},{"not_picked":["Study","FlyingSleeves+1","LikeWater","EmptyBody+1","WheelKick+1"],"picked":"SKIP","floor":35},{"not_picked":["CrushJoints","FearNoEvil","JustLucky","Protect"],"picked":"ThirdEye+1","floor":36},{"not_picked":["FollowUp","InnerPeace+1","FlyingSleeves","Prostrate+1"],"picked":"SandsOfTime+1","floor":40},{"not_picked":["PathToVictory","Prostrate","FearNoEvil","WreathOfFlame","EmptyBody+1"],"picked":"SKIP","floor":41},{"not_picked":["Ragnarok","PathToVictory+1","FlyingSleeves+1","FollowUp"],"picked":"Prostrate","floor":44},{"not_picked":["Dark Shackles","Flash of Steel","Jack Of All Trades","Deep Breath"],"picked":"PanicButton","floor":46},{"not_picked":["ForeignInfluence+1","Sanctity","EmptyBody+1","FlyingSleeves"],"picked":"Worship+1","floor":48}],"player_experience":960490,"relics_obtained":[{"floor":9,"key":"Blue Candle"},{"floor":11,"key":"Bronze Scales"},{"floor":17,"key":"TungstenRod"},{"floor":17,"key":"Shuriken"},{"floor":17,"key":"Tiny Chest"},{"floor":24,"key":"The Courier"},{"floor":26,"key":"Anchor"},{"floor":28,"key":"Damaru"},{"floor":37,"key":"GoldenEye"},{"floor":41,"key":"Unceasing Top"},{"floor":42,"key":"Bottled Tornado"},{"floor":43,"key":"War Paint"},{"floor":45,"key":"Mummified Hand"}],"event_choices":[{"cards_removed":["Strike_P"],"damage_healed":0,"gold_gain":0,"player_choice":"Card Removal","damage_taken":7,"max_hp_gain":0,"max_hp_loss":0,"event_name":"Golden Wing","floor":5,"gold_loss":0},{"damage_healed":0,"gold_gain":0,"player_choice":"Take Damage","damage_taken":18,"relics_obtained":["Golden Idol"],"max_hp_gain":0,"max_hp_loss":0,"event_name":"Golden Idol","floor":13,"gold_loss":0},{"damage_healed":0,"gold_gain":0,"player_choice":"Ignored","damage_taken":0,"max_hp_gain":0,"max_hp_loss":0,"event_name":"betterNote:BetterNote","floor":19,"gold_loss":0,"cards_obtained":["Footwork"]},{"damage_healed":0,"gold_gain":0,"player_choice":"Dagger","damage_taken":6,"max_hp_gain":0,"max_hp_loss":0,"event_name":"betterThird:BetterNest","floor":25,"gold_loss":0,"cards_obtained":["RitualDagger"]},{"damage_healed":0,"gold_gain":0,"player_choice":"Fight","damage_taken":0,"max_hp_gain":0,"max_hp_loss":0,"event_name":"MindBloom","floor":37,"gold_loss":0},{"cards_removed":["Wireheading"],"damage_healed":0,"gold_gain":0,"player_choice":"Removed Power","damage_taken":0,"max_hp_gain":0,"max_hp_loss":0,"event_name":"Falling","floor":38,"gold_loss":0},{"damage_healed":0,"gold_gain":0,"player_choice":"Memory 1","damage_taken":0,"max_hp_gain":0,"max_hp_loss":0,"event_name":"SensoryStone","floor":46,"gold_loss":0}],"is_beta":false,"boss_relics":[{"not_picked":["Snecko Eye","Sozu"],"picked":"Calling Bell"},{"not_picked":["Astrolabe","Empty Cage"],"picked":"HolyWater"}],"items_purged_floors":[0,20,27,39],"is_endless":false,"potions_floor_spawned":[1,7,10,21,29,30,31,35,40,44,48],"ascension_level":0}