{"gold_per_floor":[109,120,11,29,40,40,71,71,120,120,120],"floor_reached":11,"playtime":498,"items_purged":["Defend_P"],"score":110,"play_id":"fd68e613-48ac-4719-addd-5ef79e99f994","local_time":"20230115133132","is_ascension_mode":true,"campfire_choices":[{"data":"Eruption","floor":6,"key":"SMITH"},{"data":"Perseverance","floor":8,"key":"SMITH"},{"data":"MentalFortress","floor":10,"key":"SMITH"}],"neow_cost":"","seed_source_timestamp":383510594232700,"circlet_count":0,"master_deck":["AscendersBane","Strike_P","Strike_P","Strike_P","Strike_P","Defend_P","Defend_P","Defend_P","Eruption+1","Vigilance","CutThroughFate","CrushJoints","Perseverance+1","Sanctity","FlurryOfBlows","MentalFortress+1","SandsOfTime"],"relics":["PureWater","Bottled Lightning","Juzu Bracelet"],"potions_floor_usage":[2,7],"damage_taken":[{"damage":8,"enemies":"2 Louse","floor":1,"turns":2},{"damage":7,"enemies":"Small Slimes","floor":2,"turns":3},{"damage":1,"enemies":"Jaw Worm","floor":4,"turns":3},{"damage":6,"enemies":"3 Louse","floor":5,"turns":4},{"damage":21,"enemies":"3 Sentries","floor":7,"turns":5},{"damage":30,"enemies":"The Mushroom Lair","floor":11,"turns":2}],"seed_played":"-5488280189134934463","potions_obtained":[{"floor":1,"key":"Block Potion"},{"floor":4,"key":"SkillPotion"}],"is_trial":false,"path_per_floor":["M","M","$","M","M","R","E","R","T","R","?"],"character_chosen":"WATCHER","items_purchased":["CutThroughFate","Sanctity"],"campfire_rested":0,"item_purchase_floors":[0,3],"current_hp_per_floor":[57,50,50,49,43,43,22,22,22,22,0],"gold":120,"neow_bonus":"","is_prod":false,"is_daily":false,"chose_seed":false,"campfire_upgraded":3,"win_rate":0,"timestamp":1673807492,"path_taken":["M","M","$","M","M","R","E","R","T","R","?"],"build_version":"2022-12-18","purchased_purges":1,"victory":false,"max_hp_per_floor":[72,72,72,72,72,72,72,72,72,72,72],"card_choices":[{"not_picked":["ThirdEye","Consecrate"],"picked":"CrushJoints","floor":1},{"not_picked":["Pray","WaveOfTheHand"],"picked":"Perseverance","floor":2},{"not_picked":["SashWhip","FollowUp"],"picked":"FlurryOfBlows","floor":4},{"not_picked":["Pray","SashWhip"],"picked":"MentalFortress","floor":5},{"not_picked":["Perseverance","JustLucky"],"picked":"SandsOfTime","floor":7}],"player_experience":1075319,"relics_obtained":[{"floor":7,"key":"Bottled Lightning"},{"floor":9,"key":"Juzu Bracelet"}],"event_choices":[{"damage_healed":0,"gold_gain":0,"player_choice":"Fought Mushrooms","damage_taken":0,"max_hp_gain":0,"max_hp_loss":0,"event_name":"Mushrooms","floor":11,"gold_loss":0}],"is_beta":false,"boss_relics":[],"items_purged_floors":[3],"is_endless":false,"potions_floor_spawned":[1,4],"killed_by":"The Mushroom Lair","ascension_level":10}