{"gold_per_floor":[117,15,34,47,64,64,95,113,113,124,124,124,138,155,155,257,257,276,288,268,168,168,168,43,43,43,74,89,89,108,108,108,108],"floor_reached":33,"playtime":1291,"items_purged":["Defend_P","Defend_P","Strike_P"],"score":269,"play_id":"cb47463e-5f24-409a-a3da-afef9b67a50e","local_time":"20230114004512","is_ascension_mode":false,"campfire_choices":[{"data":"Eruption","floor":6,"key":"SMITH"},{"data":"Crescendo","floor":11,"key":"SMITH"},{"floor":15,"key":"REST"},{"data":"Vigilance","floor":23,"key":"SMITH"},{"data":"Adaptation","floor":25,"key":"SMITH"},{"data":"SandsOfTime","floor":29,"key":"SMITH"},{"floor":32,"key":"REST"}],"neow_cost":"NONE","seed_source_timestamp":250332401830700,"circlet_count":0,"master_deck":["Strike_P","Strike_P","Strike_P","Defend_P","Defend_P","Eruption+1","Vigilance+1","EmptyFist","Evaluate","FearNoEvil","Crescendo+1","Brilliance","SandsOfTime+1","Protect","Corpse Explosion","ThirdEye","Adaptation+1","Blasphemy"],"relics":["PureWater","NeowsBlessing","Omamori","Matryoshka","Runic Pyramid","PreservedInsect","Bottled Tornado","Molten Egg 2"],"potions_floor_usage":[13,13,15,19,27,33,33],"damage_taken":[{"damage":0,"enemies":"Jaw Worm","floor":1,"turns":1},{"damage":0,"enemies":"Cultist","floor":3,"turns":1},{"damage":0,"enemies":"Small Slimes","floor":4,"turns":2},{"damage":7,"enemies":"Exordium Thugs","floor":5,"turns":3},{"damage":28,"enemies":"Gremlin Nob","floor":7,"turns":3},{"damage":4,"enemies":"Blue Slaver","floor":8,"turns":2},{"damage":0,"enemies":"Looter","floor":10,"turns":2},{"damage":0,"enemies":"Large Slime","floor":13,"turns":2},{"damage":0,"enemies":"Blue Slaver","floor":14,"turns":3},{"damage":36,"enemies":"Slime Boss","floor":16,"turns":9},{"damage":0,"enemies":"Chosen","floor":18,"turns":3},{"damage":0,"enemies":"Spheric Guardian","floor":19,"turns":2},{"damage":8,"enemies":"Gremlin Leader","floor":27,"turns":4},{"damage":15,"enemies":"Centurion and Healer","floor":28,"turns":4},{"damage":24,"enemies":"Snake Plant","floor":30,"turns":3},{"damage":61,"enemies":"Automaton","floor":33,"turns":6}],"seed_played":"-2957131760513421141","potions_obtained":[{"floor":3,"key":"Fruit Juice"},{"floor":5,"key":"Fire Potion"},{"floor":7,"key":"LiquidMemories"},{"floor":16,"key":"GamblersBrew"},{"floor":18,"key":"SpeedPotion"},{"floor":19,"key":"SteroidPotion"},{"floor":20,"key":"BlessingOfTheForge"},{"floor":28,"key":"LiquidBronze"},{"floor":30,"key":"Regen Potion"}],"is_trial":false,"path_per_floor":["M","$","M","M","M","R","E","M","T","M","R","?","M","M","R","B",null,"M","M","?","$","?","R","$","R","T","E","M","R","M","?","R","B"],"character_chosen":"WATCHER","items_purchased":["Evaluate"],"campfire_rested":2,"item_purchase_floors":[2],"current_hp_per_floor":[72,72,72,72,65,65,37,33,33,33,33,33,33,33,59,23,77,77,77,77,77,77,77,77,77,77,69,54,54,30,16,40,0],"gold":108,"neow_bonus":"THREE_ENEMY_KILL","is_prod":false,"is_daily":false,"chose_seed":false,"campfire_upgraded":5,"win_rate":0,"timestamp":1673675112,"path_taken":["M","$","M","M","M","R","E","M","T","M","R","?","?","M","R","BOSS","M","M","?","?","?","R","$","R","T","E","?","R","M","?","R","BOSS"],"build_version":"2022-12-18","purchased_purges":3,"victory":false,"max_hp_per_floor":[72,72,72,72,72,72,72,72,72,72,72,72,72,72,77,77,77,77,77,77,77,77,77,77,77,77,77,77,77,77,82,82,82],"card_choices":[{"not_picked":["CrushJoints","Fasting2"],"picked":"EmptyFist","floor":1},{"not_picked":["SashWhip","DeceiveReality","FlyingSleeves"],"picked":"SKIP","floor":3},{"not_picked":["SignatureMove","Consecrate"],"picked":"FearNoEvil","floor":4},{"not_picked":["Halt","EmptyBody"],"picked":"Crescendo","floor":5},{"not_picked":["CarveReality","Tantrum"],"picked":"Brilliance","floor":7},{"not_picked":["WreathOfFlame","Protect"],"picked":"SandsOfTime","floor":8},{"not_picked":["EmptyFist","EmptyBody"],"picked":"Protect","floor":10},{"not_picked":["SashWhip","Halt"],"picked":"ThirdEye","floor":13},{"not_picked":["Halt","WreathOfFlame"],"picked":"Adaptation","floor":14},{"not_picked":["Judgement","DeusExMachina"],"picked":"Blasphemy","floor":16},{"not_picked":["Wireheading+1","ReachHeaven","Consecrate"],"picked":"SKIP","floor":18},{"not_picked":["ReachHeaven","Adaptation","FearNoEvil"],"picked":"SKIP","floor":19},{"not_picked":["Perseverance","DeusExMachina","BowlingBash+1"],"picked":"SKIP","floor":27},{"not_picked":["CutThroughFate+1","EmptyBody+1","BowlingBash+1"],"picked":"SKIP","floor":28},{"not_picked":["Protect","EmptyFist+1","Consecrate+1"],"picked":"SKIP","floor":30}],"player_experience":1061732,"relics_obtained":[{"floor":7,"key":"Omamori"},{"floor":9,"key":"Matryoshka"},{"floor":26,"key":"PreservedInsect"},{"floor":26,"key":"Bottled Tornado"},{"floor":27,"key":"Molten Egg 2"}],"event_choices":[{"cards_removed":["Brilliance"],"damage_healed":0,"gold_gain":0,"player_choice":"Take \u0026 Give","damage_taken":0,"max_hp_gain":0,"max_hp_loss":0,"event_name":"betterNote:BetterNote","floor":12,"gold_loss":0,"cards_obtained":["Corpse Explosion"]},{"damage_healed":0,"gold_gain":0,"player_choice":"Bought 1 Potion","damage_taken":0,"max_hp_gain":0,"max_hp_loss":0,"event_name":"The Woman in Blue","floor":20,"gold_loss":0},{"damage_healed":0,"gold_gain":0,"player_choice":"Got Potions","damage_taken":0,"max_hp_gain":0,"max_hp_loss":0,"event_name":"Lab","floor":22,"gold_loss":0},{"damage_healed":0,"gold_gain":0,"player_choice":"Shed Blood","damage_taken":19,"max_hp_gain":5,"max_hp_loss":0,"event_name":"Forgotten Altar","floor":31,"gold_loss":0}],"is_beta":false,"boss_relics":[{"not_picked":["Astrolabe","SlaversCollar"],"picked":"Runic Pyramid"}],"items_purged_floors":[2,21,24],"is_endless":false,"potions_floor_spawned":[3,5,7,8,16,18,19,28,30],"killed_by":"Automaton","ascension_level":0}