{"gold_per_floor":[110,124,142,80,90,90,122,122,122,141,158,158,169,169],"floor_reached":14,"playtime":630,"items_purged":[],"score":118,"play_id":"37a6e5f7-e5bf-431c-b956-6c97ac6f710f","local_time":"20230115135731","is_ascension_mode":true,"campfire_choices":[{"data":"1","floor":6,"key":"LIFT"},{"floor":8,"key":"REST"},{"floor":12,"key":"REST"}],"neow_cost":"NONE","seed_source_timestamp":384937587224900,"circlet_count":0,"master_deck":["Strike_P","Strike_P","Strike_P","Strike_P","Defend_P","Defend_P","Defend_P","Defend_P","Eruption","Vigilance","Worship","ClearTheMind","MentalFortress","FollowUp","Adaptation","ThirdEye","Evaluate","Blasphemy"],"relics":["Snecko Eye","Girya","Calipers","StoneCalendar"],"potions_floor_usage":[5,10,13],"damage_taken":[{"damage":14,"enemies":"Small Slimes","floor":1,"turns":2},{"damage":0,"enemies":"Cultist","floor":2,"turns":3},{"damage":0,"enemies":"2 Louse","floor":3,"turns":3},{"damage":9,"enemies":"Large Slime","floor":5,"turns":4},{"damage":38,"enemies":"3 Sentries","floor":7,"turns":6},{"damage":1,"enemies":"Exordium Thugs","floor":10,"turns":2},{"damage":18,"enemies":"2 Fungi Beasts","floor":11,"turns":3},{"damage":20,"enemies":"Large Slime","floor":13,"turns":3},{"damage":39,"enemies":"Gremlin Nob","floor":14,"turns":2}],"seed_played":"2493830008885842265","potions_obtained":[{"floor":1,"key":"BottledMiracle"},{"floor":7,"key":"SneckoOil"},{"floor":11,"key":"SneckoOil"},{"floor":13,"key":"Dexterity Potion"}],"is_trial":false,"path_per_floor":["M","M","M","?","M","R","E","R","T","M","M","R","M","E"],"character_chosen":"WATCHER","items_purchased":[],"campfire_rested":2,"item_purchase_floors":[],"current_hp_per_floor":[58,58,58,58,49,49,11,32,32,31,13,34,14,0],"gold":169,"neow_bonus":"BOSS_RELIC","is_prod":false,"is_daily":false,"chose_seed":false,"campfire_upgraded":0,"win_rate":0,"timestamp":1673809051,"path_taken":["M","M","M","?","M","R","E","R","T","M","M","R","M","E"],"build_version":"2022-12-18","purchased_purges":0,"victory":false,"max_hp_per_floor":[72,72,72,72,72,72,72,72,72,72,72,72,72,72],"card_choices":[{"not_picked":["Vengeance","BowlingBash"],"picked":"Worship","floor":1},{"not_picked":["BowlingBash","ThirdEye"],"picked":"ClearTheMind","floor":2},{"not_picked":["Halt","SashWhip"],"picked":"MentalFortress","floor":3},{"not_picked":["ClearTheMind","Halt"],"picked":"FollowUp","floor":5},{"not_picked":["EmptyBody","InnerPeace"],"picked":"Adaptation","floor":7},{"not_picked":["ForeignInfluence","Prostrate"],"picked":"ThirdEye","floor":10},{"not_picked":["Prostrate","Protect"],"picked":"Evaluate","floor":11},{"not_picked":["SashWhip","Study"],"picked":"Blasphemy","floor":13}],"player_experience":1076553,"relics_obtained":[{"floor":7,"key":"Calipers"},{"floor":9,"key":"StoneCalendar"}],"event_choices":[{"damage_healed":0,"gold_gain":0,"player_choice":"Paid Gold","damage_taken":0,"relics_obtained":["Girya"],"max_hp_gain":0,"max_hp_loss":0,"event_name":"WeMeetAgain","floor":4,"gold_loss":62}],"is_beta":false,"boss_relics":[],"items_purged_floors":[],"is_endless":false,"potions_floor_spawned":[1,7,11,13],"killed_by":"Gremlin Nob","ascension_level":5}