{"gold_per_floor":[116,63,74,88,88,88,99,115,115,144,144,177,127,144,144,247,247,263,338,223,223,242,242,275,293,293,293,322,347,262,295,295,401,401,417,444,200,209,226,269,144,144,144,161,180,199,49,65,65,65],"floor_reached":51,"playtime":3411,"items_purged":["Defend_P","Strike_P","Strike_P","Defend_P"],"score":801,"play_id":"194b5d18-57ea-4d9e-b65b-6ae09bb81249","local_time":"20230114140604","is_ascension_mode":false,"campfire_choices":[{"data":"Prostrate","floor":6,"key":"SMITH"},{"floor":11,"key":"REST"},{"floor":15,"key":"DIG"},{"data":"Eruption","floor":23,"key":"SMITH"},{"data":"1","floor":27,"key":"LIFT"},{"floor":32,"key":"DIG"},{"floor":42,"key":"REST"},{"floor":49,"key":"DIG"}],"neow_cost":"TEN_PERCENT_HP_LOSS","seed_source_timestamp":296254422424200,"circlet_count":0,"master_deck":["Strike_P","Strike_P","Defend_P","Eruption+1","Vigilance","Master of Strategy","Prostrate+1","EmptyFist","Pray","WheelKick","Halt","Wireheading","FlurryOfBlows","Brilliance","Pray","Brilliance","Sanctity","Worship","FollowUp+1","CutThroughFate","Meditate","Judgement","Scrawl","FlurryOfBlows","Finesse","Fasting2+1"],"relics":["PureWater","Shovel","Girya","Odd Mushroom","TeardropLocket","Lantern","Philosopher\u0027s Stone","Red Mask","CeramicFish","Mummified Hand","Calipers","Bottled Flame","Fusion Hammer","DollysMirror","Bronze Scales","Ancient Tea Set","Bag of Marbles"],"potions_floor_usage":[10,12,16,18,33,36,45,45,46,46,48],"damage_taken":[{"damage":22,"enemies":"Jaw Worm","floor":1,"turns":2},{"damage":1,"enemies":"Small Slimes","floor":3,"turns":4},{"damage":6,"enemies":"2 Louse","floor":4,"turns":3},{"damage":7,"enemies":"Exordium Thugs","floor":7,"turns":4},{"damage":0,"enemies":"Large Slime","floor":8,"turns":4},{"damage":4,"enemies":"The Mushroom Lair","floor":10,"turns":4},{"damage":4,"enemies":"3 Sentries","floor":12,"turns":5},{"damage":1,"enemies":"Exordium Wildlife","floor":14,"turns":2},{"damage":28,"enemies":"Hexaghost","floor":16,"turns":10},{"damage":9,"enemies":"2 Thieves","floor":18,"turns":3},{"damage":0,"enemies":"Spheric Guardian","floor":22,"turns":1},{"damage":0,"enemies":"Masked Bandits","floor":24,"turns":2},{"damage":3,"enemies":"Centurion and Healer","floor":25,"turns":4},{"damage":0,"enemies":"Shelled Parasite and Fungi","floor":28,"turns":2},{"damage":0,"enemies":"Cultist and Chosen","floor":29,"turns":3},{"damage":0,"enemies":"Slavers","floor":31,"turns":3},{"damage":23,"enemies":"Automaton","floor":33,"turns":5},{"damage":4,"enemies":"Orb Walker","floor":35,"turns":2},{"damage":11,"enemies":"3 Darklings","floor":36,"turns":3},{"damage":0,"enemies":"Sphere and 2 Shapes","floor":39,"turns":1},{"damage":31,"enemies":"Reptomancer","floor":40,"turns":4},{"damage":3,"enemies":"Jaw Worm Horde","floor":44,"turns":2},{"damage":7,"enemies":"Transient","floor":45,"turns":5},{"damage":0,"enemies":"Writhing Mass","floor":46,"turns":2},{"damage":0,"enemies":"3 Darklings","floor":48,"turns":2},{"damage":0,"enemies":"Donu and Deca","floor":50,"turns":3}],"seed_played":"5771074340028297252","potions_obtained":[{"floor":1,"key":"Dexterity Potion"},{"floor":3,"key":"EssenceOfSteel"},{"floor":8,"key":"BlessingOfTheForge"},{"floor":16,"key":"LiquidMemories"},{"floor":18,"key":"SneckoOil"},{"floor":31,"key":"GamblersBrew"},{"floor":44,"key":"Regen Potion"},{"floor":45,"key":"EntropicBrew"},{"floor":46,"key":"Regen Potion"}],"is_trial":false,"path_per_floor":["M","$","M","M","?","R","M","M","T","?","R","E","?","M","R","B",null,"M","?","$","?","M","R","?","M","T","R","M","M","?","E","R","B",null,"M","M","$","?","M","E","$","R","T","M","M","M","$","M","R","B",null],"character_chosen":"WATCHER","items_purchased":["EmptyFist","Pray","DollysMirror"],"campfire_rested":2,"item_purchase_floors":[2,20,37],"current_hp_per_floor":[43,43,42,36,33,33,26,26,26,22,41,37,37,36,36,8,65,56,50,50,50,50,50,50,47,47,47,47,47,47,47,47,24,65,61,50,50,50,50,19,19,38,38,35,42,42,42,42,42,42],"gold":65,"neow_bonus":"RANDOM_COLORLESS_2","is_prod":false,"is_daily":false,"chose_seed":false,"campfire_upgraded":2,"win_rate":0,"timestamp":1673723164,"path_taken":["M","$","M","M","?","R","M","M","T","?","R","E","?","M","R","BOSS","M","?","$","?","M","R","?","M","T","R","M","?","?","E","R","BOSS","M","M","$","?","M","E","$","R","T","M","M","M","$","M","R","BOSS"],"build_version":"2022-12-18","purchased_purges":4,"victory":true,"max_hp_per_floor":[65,65,65,65,65,65,65,65,65,65,65,65,65,65,65,65,65,65,65,65,65,65,65,65,65,65,65,65,65,65,65,65,65,65,65,65,65,65,65,65,65,65,65,65,65,65,65,65,65,65],"card_choices":[{"not_picked":["Transmutation","Magnetism"],"picked":"Master of Strategy","floor":0},{"not_picked":["EmptyBody","Evaluate"],"picked":"Prostrate","floor":1},{"not_picked":["Study","Prostrate"],"picked":"Pray","floor":3},{"not_picked":["CrushJoints","EmptyBody","Study"],"picked":"SKIP","floor":4},{"not_picked":["FollowUp","Adaptation"],"picked":"WheelKick","floor":7},{"not_picked":["Adaptation","TalkToTheHand"],"picked":"Halt","floor":8},{"not_picked":["BowlingBash","Consecrate"],"picked":"Wireheading","floor":10},{"not_picked":["JustLucky","WindmillStrike","ThirdEye"],"picked":"SKIP","floor":12},{"not_picked":["ReachHeaven","Sanctity"],"picked":"FlurryOfBlows","floor":14},{"not_picked":["Wish","Vault"],"picked":"Brilliance","floor":16},{"not_picked":["Wireheading","Adaptation+1","LikeWater+1"],"picked":"SKIP","floor":18},{"not_picked":["InnerPeace","PathToVictory"],"picked":"Sanctity","floor":22},{"not_picked":["Fasting2","Tantrum"],"picked":"Worship","floor":24},{"not_picked":["BattleHymn","Crescendo+1"],"picked":"FollowUp+1","floor":25},{"not_picked":["Halt","JustLucky"],"picked":"CutThroughFate","floor":28},{"not_picked":["Crescendo","ClearTheMind"],"picked":"Meditate","floor":29},{"not_picked":["SandsOfTime","Protect+1","WreathOfFlame"],"picked":"SKIP","floor":31},{"not_picked":["LessonLearned","Blasphemy"],"picked":"Judgement","floor":33},{"not_picked":["CutThroughFate+1","Nirvana","BowlingBash+1"],"picked":"SKIP","floor":35},{"not_picked":["WindmillStrike","Prostrate"],"picked":"Scrawl","floor":36},{"not_picked":["Jack Of All Trades","Thinking Ahead"],"picked":"Finesse","floor":38},{"not_picked":["Consecrate","Crescendo+1","JustLucky"],"picked":"SKIP","floor":39},{"not_picked":["EmptyFist+1","FollowUp+1"],"picked":"Fasting2+1","floor":40},{"not_picked":["JustLucky+1","Prostrate+1","BowlingBash+1"],"picked":"SKIP","floor":44},{"not_picked":["TalkToTheHand+1","BowlingBash","JustLucky+1"],"picked":"SKIP","floor":45},{"not_picked":["Indignation","Evaluate","Consecrate"],"picked":"SKIP","floor":46},{"not_picked":["Brilliance","Weave","Perseverance+1"],"picked":"SKIP","floor":48}],"player_experience":1065757,"relics_obtained":[{"floor":9,"key":"Girya"},{"floor":10,"key":"Odd Mushroom"},{"floor":12,"key":"TeardropLocket"},{"floor":15,"key":"Lantern"},{"floor":24,"key":"Red Mask"},{"floor":26,"key":"CeramicFish"},{"floor":31,"key":"Calipers"},{"floor":32,"key":"Bottled Flame"},{"floor":40,"key":"Bronze Scales"},{"floor":43,"key":"Ancient Tea Set"},{"floor":49,"key":"Bag of Marbles"}],"event_choices":[{"damage_healed":0,"gold_gain":0,"player_choice":"Relic ","damage_taken":3,"max_hp_gain":0,"max_hp_loss":0,"event_name":"betterThird:BetterScrap","floor":5,"gold_loss":0,"cards_obtained":["Glacier"]},{"damage_healed":0,"gold_gain":0,"player_choice":"Fought Mushrooms","damage_taken":0,"max_hp_gain":0,"max_hp_loss":0,"event_name":"Mushrooms","floor":10,"gold_loss":0},{"cards_removed":["Defend_P"],"damage_healed":0,"gold_gain":0,"player_choice":"Card Removal","damage_taken":0,"max_hp_gain":0,"max_hp_loss":0,"event_name":"The Cleric","floor":13,"gold_loss":50},{"damage_healed":0,"gold_gain":75,"player_choice":"Touch","damage_taken":6,"max_hp_gain":0,"max_hp_loss":0,"event_name":"FaceTrader","floor":19,"gold_loss":0},{"cards_removed":["Strike_P"],"damage_healed":0,"gold_gain":0,"player_choice":"Take \u0026 Give","damage_taken":0,"max_hp_gain":0,"max_hp_loss":0,"event_name":"betterNote:BetterNote","floor":21,"gold_loss":0,"cards_obtained":["Brilliance"]},{"damage_healed":0,"gold_gain":0,"player_choice":"Fought Bandits","damage_taken":0,"max_hp_gain":0,"max_hp_loss":0,"event_name":"Masked Bandits","floor":24,"gold_loss":0},{"damage_healed":0,"gold_gain":0,"player_choice":"Obtained Relic","damage_taken":0,"relics_obtained":["Mummified Hand"],"max_hp_gain":0,"max_hp_loss":0,"event_name":"Addict","floor":30,"gold_loss":85},{"damage_healed":0,"gold_gain":0,"player_choice":"Memory 1","damage_taken":0,"max_hp_gain":0,"max_hp_loss":0,"event_name":"SensoryStone","floor":38,"gold_loss":0}],"is_beta":false,"boss_relics":[{"not_picked":["Tiny House","Velvet Choker"],"picked":"Philosopher\u0027s Stone"},{"not_picked":["Astrolabe","Pandora\u0027s Box"],"picked":"Fusion Hammer"}],"items_purged_floors":[20,37,41,47],"is_endless":false,"potions_floor_spawned":[1,3,8,16,18,31,44,45,46],"ascension_level":0}