{"gold_per_floor":[165,176,43,43,53,87,104,23,23,23,33,33,33,50,50,125,125,137,52,64,64,84,84,84],"floor_reached":24,"playtime":1242,"items_purged":["Defend_P"],"score":396,"play_id":"46f6e00c-98ec-4856-955c-67d87572695a","local_time":"20230115004022","is_ascension_mode":true,"campfire_choices":[{"floor":10,"key":"REST"},{"data":"Blasphemy","floor":13,"key":"SMITH"},{"floor":15,"key":"REST"},{"data":"Eruption","floor":23,"key":"SMITH"}],"neow_cost":"NONE","seed_source_timestamp":336371261464500,"circlet_count":0,"master_deck":["AscendersBane","Strike_P","Strike_P","Strike_P","Strike_P","Defend_P","Defend_P+1","Defend_P","Eruption+1","Vigilance","CutThroughFate","BattleHymn","MentalFortress","FollowUp","Decay","Blasphemy+1","SashWhip","DeusExMachina","FlurryOfBlows","SandsOfTime","Weave","Swivel","Vault","Adaptation","Nirvana","ClearTheMind"],"special_seed":0,"relics":["Tiny House","Omamori","Vajra","Runic Pyramid"],"potions_floor_usage":[5,7,18,24,24],"damage_taken":[{"damage":6,"enemies":"Small Slimes","floor":1,"turns":5},{"damage":0,"enemies":"Cultist","floor":2,"turns":4},{"damage":10,"enemies":"2 Louse","floor":5,"turns":2},{"damage":34,"enemies":"3 Sentries","floor":6,"turns":7},{"damage":10,"enemies":"Exordium Wildlife","floor":7,"turns":4},{"damage":6,"enemies":"Red Slaver","floor":11,"turns":3},{"damage":0,"enemies":"2 Fungi Beasts","floor":14,"turns":2},{"damage":2,"enemies":"Slime Boss","floor":16,"turns":6},{"damage":25,"enemies":"3 Byrds","floor":18,"turns":5},{"damage":0,"enemies":"Spheric Guardian","floor":20,"turns":3},{"damage":10,"enemies":"Snecko","floor":22,"turns":4},{"damage":37,"enemies":"Slavers","floor":24,"turns":1}],"seed_played":"-3217644100190137860","potions_obtained":[{"floor":0,"key":"StancePotion"},{"floor":5,"key":"Weak Potion"},{"floor":16,"key":"FearPotion"},{"floor":18,"key":"CultistPotion"},{"floor":22,"key":"SteroidPotion"}],"is_trial":false,"path_per_floor":["M","M","$","?","M","E","M","$","T","R","M","$","R","M","R","B",null,"M","$","M","?","M","R","E"],"character_chosen":"WATCHER","items_purchased":["FollowUp","SandsOfTime","Adaptation"],"campfire_rested":2,"item_purchase_floors":[3,8,19],"current_hp_per_floor":[60,60,60,60,50,16,6,6,6,27,21,21,21,21,42,40,65,40,40,40,40,30,30,0],"gold":84,"neow_bonus":"BOSS_RELIC","is_prod":false,"is_daily":false,"chose_seed":false,"campfire_upgraded":2,"win_rate":0,"timestamp":1673761222,"path_taken":["M","M","$","?","?","E","M","?","T","R","M","$","R","M","R","BOSS","M","$","M","?","M","R","E"],"build_version":"2022-12-18","purchased_purges":1,"victory":false,"max_hp_per_floor":[73,73,73,73,73,73,73,73,73,73,73,73,73,73,73,73,73,73,73,73,73,73,73,73],"card_choices":[{"not_picked":["ClearTheMind","CrushJoints"],"picked":"CutThroughFate","floor":0},{"not_picked":["Evaluate","ForeignInfluence"],"picked":"BattleHymn","floor":1},{"not_picked":["Crescendo","EmptyBody"],"picked":"MentalFortress","floor":2},{"not_picked":["BowlingBash","SashWhip"],"picked":"DeusExMachina","floor":5},{"not_picked":["SashWhip","FlyingSleeves"],"picked":"FlurryOfBlows","floor":6},{"not_picked":["ThirdEye","MentalFortress","SignatureMove"],"picked":"SKIP","floor":7},{"not_picked":["JustLucky","CrushJoints"],"picked":"Weave","floor":11},{"not_picked":["BowlingBash","JustLucky"],"picked":"Swivel","floor":14},{"not_picked":["Judgement","Brilliance"],"picked":"Vault","floor":16},{"not_picked":["CutThroughFate","CrushJoints","WindmillStrike"],"picked":"SKIP","floor":18},{"not_picked":["FlyingSleeves","SignatureMove","FollowUp"],"picked":"SKIP","floor":20},{"not_picked":["ThirdEye","EmptyFist"],"picked":"ClearTheMind","floor":22}],"player_experience":1072548,"relics_obtained":[{"floor":6,"key":"Omamori"},{"floor":9,"key":"Vajra"}],"event_choices":[{"damage_healed":0,"gold_gain":0,"player_choice":"3 cards matched","damage_taken":0,"max_hp_gain":0,"max_hp_loss":0,"event_name":"Match and Keep!","floor":4,"gold_loss":0,"cards_obtained":["Decay","Blasphemy","SashWhip"]},{"damage_healed":0,"gold_gain":0,"player_choice":"Read","damage_taken":0,"max_hp_gain":0,"max_hp_loss":0,"event_name":"The Library","floor":21,"gold_loss":0,"cards_obtained":["Nirvana"]}],"is_beta":false,"boss_relics":[{"not_picked":["Calling Bell","Cursed Key"],"picked":"Runic Pyramid"}],"items_purged_floors":[3],"is_endless":false,"potions_floor_spawned":[5,16,18,22],"killed_by":"Slavers","ascension_level":20}