{"gold_per_floor":[110,6,22,35,35,70,70,98,98,98,109,34,34,46,46,123,123,135,135,35,51,51,78,78,95,121,121,20,31,31,31],"floor_reached":31,"playtime":935,"items_purged":["Defend_P","Strike_P"],"score":676,"play_id":"809b0297-7bfa-47c8-b8fb-e908b14d9f5f","local_time":"20230114150427","is_ascension_mode":true,"campfire_choices":[{"data":"Blasphemy","floor":7.0,"key":"SMITH"},{"data":"Eruption","floor":15.0,"key":"SMITH"},{"floor":24,"key":"REST"},{"floor":27,"key":"REST"}],"neow_cost":"NONE","seed_source_timestamp":302180910690000,"circlet_count":0,"master_deck":["AscendersBane","Strike_P","Strike_P","Strike_P","Defend_P","Defend_P","Eruption+1","Vigilance","SandsOfTime+1","Evaluate","WheelKick+1","SandsOfTime","Blasphemy+1","EmptyFist","FlurryOfBlows","Swivel","Establishment","ThirdEye","EmptyBody","Swift Strike","Consecrate+1"],"special_seed":0,"relics":["Runic Dome","Vajra","Ginger","Pear","Pantograph","Runic Pyramid","CultistMask","Du-Vu Doll","Anchor"],"potions_floor_usage":[],"damage_taken":[{"damage":4.0,"enemies":"Small Slimes","floor":1.0,"turns":3.0},{"damage":0.0,"enemies":"Cultist","floor":3.0,"turns":4.0},{"damage":1.0,"enemies":"Jaw Worm","floor":4.0,"turns":5.0},{"damage":3.0,"enemies":"Lagavulin","floor":6.0,"turns":6.0},{"damage":0.0,"enemies":"Gremlin Nob","floor":8.0,"turns":2.0},{"damage":8.0,"enemies":"3 Louse","floor":11.0,"turns":2.0},{"damage":0.0,"enemies":"2 Fungi Beasts","floor":14.0,"turns":2.0},{"damage":0.0,"enemies":"Slime Boss","floor":16.0,"turns":4.0},{"damage":16.0,"enemies":"Shell Parasite","floor":18.0,"turns":2.0},{"damage":0.0,"enemies":"Chosen","floor":21.0,"turns":3.0},{"damage":34,"enemies":"Slavers","floor":23,"turns":3},{"damage":7,"enemies":"3 Cultists","floor":25,"turns":3},{"damage":9,"enemies":"Snake Plant","floor":29,"turns":2},{"damage":36,"enemies":"Chosen and Byrds","floor":31,"turns":3}],"seed_played":"-5086259196222407468","potions_obtained":[{"floor":1.0,"key":"PowerPotion"},{"floor":4.0,"key":"Block Potion"},{"floor":16.0,"key":"Swift Potion"},{"floor":25,"key":"BlessingOfTheForge"},{"floor":29,"key":"Ancient Potion"}],"is_trial":false,"path_per_floor":["M","$","M","M","?","E","R","E","T","?","M","?","T","M","R","B",null,"M","?","$","M","?","E","R","M","T","R","$","M","$","M"],"character_chosen":"WATCHER","items_purchased":["Evaluate","Swift Strike"],"campfire_rested":2,"item_purchase_floors":[2,28],"current_hp_per_floor":[57,57,57,56,36,33,33,33,43,43,35,35,35,35,35,60,74,58,36,36,36,36,2,26,19,19,43,43,34,34,0],"gold":31,"neow_bonus":"BOSS_RELIC","is_prod":false,"is_daily":false,"chose_seed":false,"campfire_upgraded":2,"win_rate":0,"timestamp":1673726667,"path_taken":["M","$","M","M","?","E","R","E","T","?","?","?","?","M","R","BOSS","M","?","$","M","?","E","R","?","T","R","$","M","$","M"],"build_version":"2022-12-18","purchased_purges":2,"victory":false,"max_hp_per_floor":[68,68,68,68,68,68,68,68,78,78,78,78,78,78,78,78,78,78,83,83,83,83,83,83,83,83,83,83,83,83,83],"card_choices":[{"not_picked":["EmptyBody","Prostrate"],"picked":"SandsOfTime","floor":1.0},{"not_picked":["EmptyBody","ClearTheMind"],"picked":"WheelKick","floor":3.0},{"not_picked":["EmptyBody","SignatureMove"],"picked":"SandsOfTime","floor":4.0},{"not_picked":["PathToVictory","Nirvana"],"picked":"Blasphemy","floor":6.0},{"not_picked":["CutThroughFate","BattleHymn","Halt"],"picked":"SKIP","floor":8.0},{"not_picked":["Halt","Protect"],"picked":"FlurryOfBlows","floor":11.0},{"not_picked":["Adaptation","Consecrate"],"picked":"Swivel","floor":14.0},{"not_picked":["DeusExMachina","Brilliance"],"picked":"Establishment","floor":16.0},{"not_picked":["Crescendo","EmptyFist","EmptyBody+1"],"picked":"SKIP","floor":18.0},{"not_picked":["FollowUp","CrushJoints","Weave"],"picked":"SKIP","floor":21.0},{"not_picked":["Pray","Crescendo"],"picked":"ThirdEye","floor":23},{"not_picked":["Prostrate","Wireheading"],"picked":"EmptyBody","floor":25},{"not_picked":["ReachHeaven","SignatureMove+1"],"picked":"Consecrate+1","floor":29}],"player_experience":1071613,"relics_obtained":[{"floor":6.0,"key":"Vajra"},{"floor":8.0,"key":"Ginger"},{"floor":9.0,"key":"Pear"},{"floor":13.0,"key":"Pantograph"},{"floor":23,"key":"Du-Vu Doll"},{"floor":26,"key":"Anchor"}],"event_choices":[{"damage_healed":56.0,"max_hp_gain":0.0,"max_hp_loss":68.0,"gold_gain":0.0,"event_name":"betterThird:BetterShining","player_choice":"Upgrade","floor":5.0,"gold_loss":0.0,"damage_taken":20.0,"cards_upgraded":["SandsOfTime","WheelKick"]},{"damage_healed":0.0,"max_hp_gain":0.0,"max_hp_loss":0.0,"gold_gain":0.0,"cards_transformed":["Defend_P"],"event_name":"Transmorgrifier","player_choice":"Transformed","floor":10.0,"gold_loss":0.0,"damage_taken":0.0,"cards_obtained":["EmptyFist"]},{"damage_healed":0.0,"max_hp_gain":0.0,"max_hp_loss":0.0,"gold_gain":0.0,"event_name":"betterThird:BetterGoop","player_choice":"Left","floor":12.0,"gold_loss":75.0,"damage_taken":0.0},{"damage_healed":0.0,"max_hp_gain":5.0,"max_hp_loss":0.0,"gold_gain":0.0,"event_name":"Forgotten Altar","player_choice":"Shed Blood","floor":19.0,"gold_loss":0.0,"damage_taken":27.0},{"damage_healed":0.0,"max_hp_gain":0.0,"max_hp_loss":0.0,"gold_gain":0.0,"event_name":"FaceTrader","player_choice":"Trade","floor":22.0,"gold_loss":0.0,"damage_taken":0.0,"relics_obtained":["CultistMask"]}],"is_beta":false,"boss_relics":[{"not_picked":["Coffee Dripper","Astrolabe"],"picked":"Runic Pyramid"}],"items_purged_floors":[2,20],"is_endless":false,"potions_floor_spawned":[1,4,16,25,29],"killed_by":"Chosen and Byrds","ascension_level":20}