{"gold_per_floor":[117,117,117,142,165,165,200,224,224,151,151,190,215,57,57,148,148,28,28,28,44,44,44,58,58,58,89,113,113],"floor_reached":29,"playtime":1636,"items_purged":[],"score":552,"play_id":"117a8ff2-2e3b-4217-80dd-4a04637da90e","local_time":"20230114144734","is_ascension_mode":true,"campfire_choices":[{"data":"Pray","floor":6,"key":"SMITH"},{"floor":11,"key":"REST"},{"floor":15,"key":"REST"},{"data":"Devotion","floor":23,"key":"SMITH"}],"neow_cost":"","seed_source_timestamp":300526983717800,"circlet_count":0,"master_deck":["AscendersBane","Eruption","Vigilance","FlurryOfBlows","ThirdEye","Pray+1","Wallop","CutThroughFate","Pray","SashWhip","EmptyMind","Prostrate","Brilliance","SpiritShield","Conclude","Devotion+1","Wallop","Adaptation","Pray"],"relics":["PureWater","Golden Idol","CultistMask","Omamori","Pear","betterThird:SlimedRelic","Lizard Tail","SlaversCollar","The Courier","Blue Candle"],"potions_floor_usage":[7,7,12,18,27,29],"damage_taken":[{"damage":19,"enemies":"Small Slimes","floor":1,"turns":4},{"damage":0,"enemies":"2 Louse","floor":4,"turns":2},{"damage":0,"enemies":"Cultist","floor":5,"turns":3},{"damage":0,"enemies":"Gremlin Nob","floor":7,"turns":2},{"damage":11,"enemies":"3 Louse","floor":8,"turns":4},{"damage":13,"enemies":"3 Sentries","floor":12,"turns":7},{"damage":18,"enemies":"Large Slime","floor":13,"turns":7},{"damage":17,"enemies":"The Guardian","floor":16,"turns":12},{"damage":20,"enemies":"2 Thieves","floor":18,"turns":5},{"damage":0,"enemies":"Spheric Guardian","floor":21,"turns":3},{"damage":45,"enemies":"Chosen and Byrds","floor":24,"turns":9},{"damage":20,"enemies":"Slavers","floor":27,"turns":5},{"damage":11,"enemies":"Snake Plant","floor":28,"turns":5},{"damage":14,"enemies":"Snecko","floor":29,"turns":4}],"seed_played":"5058185208477178365","potions_obtained":[{"floor":4,"key":"Fire Potion"},{"floor":5,"key":"ColorlessPotion"},{"floor":7,"key":"DuplicationPotion"},{"floor":16,"key":"EssenceOfSteel"},{"floor":24,"key":"FearPotion"},{"floor":28,"key":"Block Potion"}],"is_trial":false,"path_per_floor":["M","?","?","M","M","R","E","M","T","?","R","E","M","$","R","B",null,"M","?","?","M","?","R","M","$","T","E","M","M"],"character_chosen":"WATCHER","items_purchased":["FlurryOfBlows","ThirdEye","Brilliance"],"campfire_rested":2,"item_purchase_floors":[0,0,14],"current_hp_per_floor":[42,42,42,42,42,42,42,31,41,30,51,38,20,20,41,24,60,40,40,40,40,40,40,36,36,36,16,5,0],"gold":113,"neow_bonus":"","is_prod":false,"is_daily":false,"chose_seed":false,"campfire_upgraded":2,"win_rate":0,"timestamp":1673725654,"path_taken":["M","?","?","M","?","R","E","M","T","?","R","E","M","$","R","BOSS","M","?","?","M","?","R","M","$","T","E","?","M"],"build_version":"2022-12-18","purchased_purges":0,"victory":false,"max_hp_per_floor":[68,62,62,62,62,62,62,62,72,72,72,72,72,72,72,72,72,72,72,72,72,72,72,72,72,72,72,72,72],"card_choices":[{"not_picked":["FearNoEvil","ReachHeaven"],"picked":"Pray","floor":1},{"not_picked":["Evaluate","PathToVictory"],"picked":"Wallop","floor":4},{"not_picked":["WindmillStrike","Conclude"],"picked":"CutThroughFate","floor":5},{"not_picked":["ConjureBlade","BowlingBash"],"picked":"Pray","floor":7},{"not_picked":["Halt","EmptyBody"],"picked":"SashWhip","floor":8},{"not_picked":["FlyingSleeves","Adaptation"],"picked":"EmptyMind","floor":12},{"not_picked":["Wallop","WheelKick"],"picked":"Prostrate","floor":13},{"not_picked":["DevaForm","Omniscience"],"picked":"SpiritShield","floor":16},{"not_picked":["PathToVictory","EmptyBody","WreathOfFlame"],"picked":"SKIP","floor":18},{"not_picked":["ClearTheMind","Prostrate"],"picked":"Conclude","floor":21},{"not_picked":["Evaluate+1","BowlingBash+1"],"picked":"Wallop","floor":24},{"not_picked":["FearNoEvil","Meditate"],"picked":"Adaptation","floor":27},{"not_picked":["FollowUp","Evaluate"],"picked":"Pray","floor":28}],"player_experience":1069977,"relics_obtained":[{"floor":7,"key":"Omamori"},{"floor":9,"key":"Pear"},{"floor":12,"key":"Lizard Tail"},{"floor":26,"key":"The Courier"},{"floor":27,"key":"Blue Candle"}],"event_choices":[{"damage_healed":0,"gold_gain":0,"player_choice":"Lose Max HP","damage_taken":0,"relics_obtained":["Golden Idol"],"max_hp_gain":0,"max_hp_loss":6,"event_name":"Golden Idol","floor":2,"gold_loss":0},{"damage_healed":0,"gold_gain":0,"player_choice":"Trade","damage_taken":0,"relics_obtained":["CultistMask"],"max_hp_gain":0,"max_hp_loss":0,"event_name":"FaceTrader","floor":3,"gold_loss":0},{"damage_healed":0,"gold_gain":0,"player_choice":"Slimed","damage_taken":11,"max_hp_gain":0,"max_hp_loss":0,"event_name":"betterThird:BetterGoop","floor":10,"gold_loss":73},{"damage_healed":0,"gold_gain":0,"player_choice":"Materialism","damage_taken":0,"max_hp_gain":0,"max_hp_loss":8,"event_name":"betterThird:BetterWriting","floor":19,"gold_loss":0},{"damage_healed":0,"gold_gain":0,"player_choice":"Ignored","damage_taken":0,"max_hp_gain":0,"max_hp_loss":0,"event_name":"Vampires","floor":20,"gold_loss":0},{"damage_healed":0,"gold_gain":0,"player_choice":"1 cards matched","damage_taken":0,"max_hp_gain":0,"max_hp_loss":0,"event_name":"Match and Keep!","floor":22,"gold_loss":0,"cards_obtained":["Devotion"]}],"is_beta":false,"boss_relics":[{"not_picked":["Pandora\u0027s Box","SacredBark"],"picked":"SlaversCollar"}],"items_purged_floors":[],"is_endless":false,"potions_floor_spawned":[4,5,7,16,24,28],"killed_by":"Snecko","ascension_level":20}