{"gold_per_floor":[113,113,131,131,131,131],"floor_reached":6,"playtime":260,"items_purged":["Strike_P"],"score":34,"play_id":"8fade745-ce85-4698-98ec-887490c2c6f5","local_time":"20230111220027","is_ascension_mode":false,"campfire_choices":[],"neow_cost":"","seed_source_timestamp":68676965946100,"circlet_count":0,"master_deck":["Strike_P","Strike_P","Defend_P","Defend_P","Defend_P","Eruption","Vigilance","bad_watcher:Reach","bad_watcher:Fade","FlurryOfBlows","Protect","bad_watcher:Blaze","bad_watcher:Shock","bad_watcher:Disturbance","ThirdEye","Dramatic Entrance"],"relics":["PureWater","moreChoices:MoreCardChoices","PreservedInsect"],"potions_floor_usage":[6],"damage_taken":[{"damage":3,"enemies":"Jaw Worm","floor":1,"turns":4},{"damage":5,"enemies":"Small Slimes","floor":3,"turns":4},{"damage":107,"enemies":"Gremlin Nob","floor":6,"turns":4}],"seed_played":"-2030340823699075937","potions_obtained":[{"floor":3,"key":"Block Potion"}],"is_trial":false,"path_per_floor":["M","?","M","?","?","E"],"character_chosen":"WATCHER","items_purchased":["FlurryOfBlows","PreservedInsect","Protect"],"campfire_rested":0,"item_purchase_floors":[0,0,0],"current_hp_per_floor":[58,58,53,46,70,0],"gold":131,"neow_bonus":"","is_prod":false,"is_daily":false,"chose_seed":false,"campfire_upgraded":0,"win_rate":0,"timestamp":1673492427,"path_taken":["M","?","M","?","?","E"],"build_version":"2022-12-18","purchased_purges":1,"victory":false,"max_hp_per_floor":[72,72,72,72,72,72],"card_choices":[{"not_picked":["Consecrate","Perseverance","SashWhip","WreathOfFlame"],"picked":"bad_watcher:Blaze","floor":1},{"not_picked":["bad_spire:orbit","bad_spire:chance","bad_spire:optics","bad_spire:touch","bad_spire:flash"],"picked":"SKIP","floor":1},{"not_picked":["bad_silent:Phantom","Shame","Clumsy","Normality"],"picked":"bad_silent:Venomologist","floor":2},{"not_picked":["bad_silent:Shuffle","Normality","bad_silent:Swiftness","Regret"],"picked":"bad_watcher:Shock","floor":2},{"not_picked":["bad_silent:Phantom","Clumsy","Pain","bad_silent:Swiftness"],"picked":"bad_watcher:Disturbance","floor":2},{"not_picked":["EmptyBody","bad_watcher:Blaze","Meditate","Brilliance"],"picked":"ThirdEye","floor":3},{"not_picked":["bad_spire:deadweight","bad_spire:touch","Apotheosis","Purity"],"picked":"Dramatic Entrance","floor":3}],"player_experience":981666,"relics_obtained":[],"event_choices":[{"cards_removed":["bad_silent:Venomologist"],"damage_healed":0,"gold_gain":0,"player_choice":"Card Removal","damage_taken":7,"max_hp_gain":0,"max_hp_loss":0,"event_name":"Golden Wing","floor":4,"gold_loss":0},{"damage_healed":24,"gold_gain":0,"player_choice":"Banana","damage_taken":0,"max_hp_gain":0,"max_hp_loss":0,"event_name":"Big Fish","floor":5,"gold_loss":0}],"is_beta":false,"boss_relics":[],"items_purged_floors":[0],"is_endless":false,"potions_floor_spawned":[3],"killed_by":"Gremlin Nob","ascension_level":0}