{"gold_per_floor":[118,118,18,32,48,48,64,64,134,134,164,57,71,91,91,170,170,181,56,56,70,70],"floor_reached":22,"playtime":932,"items_purged":["Defend_P","Defend_P","Strike_P"],"score":672,"play_id":"b0638342-0b7f-49d7-b6a4-18480cae71b3","local_time":"20230115005607","is_ascension_mode":true,"campfire_choices":[{"data":"Eruption","floor":6,"key":"SMITH"},{"data":"Vigilance","floor":8,"key":"SMITH"},{"data":"Weave","floor":10,"key":"SMITH"},{"floor":15,"key":"REST"}],"neow_cost":"","seed_source_timestamp":337747008208200,"circlet_count":0,"master_deck":["AscendersBane","Strike_P","Strike_P","Strike_P","Defend_P","Defend_P","Eruption+1","Vigilance+1","FlurryOfBlows","BowlingBash","SandsOfTime","Swivel","CutThroughFate","Weave+1","FearNoEvil","SandsOfTime","Wireheading","Vault","EmptyBody","Halt","JustLucky","Perseverance","Devotion","Tantrum"],"relics":["PureWater","Pantograph","Tiny Chest","Black Star"],"potions_floor_usage":[16,18,22],"damage_taken":[{"damage":0,"enemies":"Small Slimes","floor":1,"turns":2},{"damage":0,"enemies":"Cultist","floor":4,"turns":2},{"damage":3,"enemies":"2 Louse","floor":5,"turns":3},{"damage":12,"enemies":"Looter","floor":7,"turns":3},{"damage":8,"enemies":"Lagavulin","floor":11,"turns":5},{"damage":16,"enemies":"2 Fungi Beasts","floor":13,"turns":4},{"damage":2,"enemies":"Red Slaver","floor":14,"turns":3},{"damage":0,"enemies":"Slime Boss","floor":16,"turns":4},{"damage":0,"enemies":"Spheric Guardian","floor":18,"turns":4},{"damage":22,"enemies":"Shell Parasite","floor":21,"turns":5},{"damage":45,"enemies":"Snake Plant","floor":22,"turns":2}],"seed_played":"3476425231180403555","potions_obtained":[{"floor":4,"key":"DuplicationPotion"},{"floor":7,"key":"EssenceOfSteel"},{"floor":16,"key":"Swift Potion"}],"is_trial":false,"path_per_floor":["M","?","$","M","M","R","M","R","T","R","E","$","M","M","R","B",null,"M","$","?","M","M"],"character_chosen":"WATCHER","items_purchased":["FlurryOfBlows","BowlingBash","CutThroughFate","Weave","EmptyBody","Halt"],"campfire_rested":1,"item_purchase_floors":[0,0,3,3,12,12],"current_hp_per_floor":[49,49,49,49,46,46,34,34,34,34,26,26,10,8,28,53,64,64,64,64,42,0],"gold":70,"neow_bonus":"","is_prod":false,"is_daily":false,"chose_seed":false,"campfire_upgraded":3,"win_rate":0,"timestamp":1673762167,"path_taken":["M","?","$","M","M","R","M","R","T","R","E","?","M","M","R","BOSS","M","$","?","M","M"],"build_version":"2022-12-18","purchased_purges":3,"victory":false,"max_hp_per_floor":[68,68,68,68,68,68,68,68,68,68,68,68,68,68,68,68,68,68,68,68,68,68],"card_choices":[{"not_picked":["FollowUp","CarveReality"],"picked":"SandsOfTime","floor":1},{"not_picked":["SashWhip","Prostrate"],"picked":"FearNoEvil","floor":4},{"not_picked":["FollowUp","PathToVictory"],"picked":"SandsOfTime","floor":5},{"not_picked":["Consecrate","Evaluate"],"picked":"Wireheading","floor":7},{"not_picked":["BattleHymn","SashWhip"],"picked":"Vault","floor":11},{"not_picked":["WaveOfTheHand","ThirdEye"],"picked":"JustLucky","floor":13},{"not_picked":["SashWhip","Protect"],"picked":"Perseverance","floor":14},{"not_picked":["Wish","Alpha"],"picked":"Devotion","floor":16},{"not_picked":["Protect","Wallop+1","EmptyBody"],"picked":"SKIP","floor":18},{"not_picked":["Consecrate","FlurryOfBlows"],"picked":"Tantrum","floor":21}],"player_experience":1073790,"relics_obtained":[{"floor":9,"key":"Pantograph"},{"floor":11,"key":"Tiny Chest"}],"event_choices":[{"damage_healed":0,"gold_gain":0,"player_choice":"1 cards matched","damage_taken":0,"max_hp_gain":0,"max_hp_loss":0,"event_name":"Match and Keep!","floor":2,"gold_loss":0,"cards_obtained":["Swivel"]},{"damage_healed":0,"gold_gain":0,"player_choice":"Ignored","damage_taken":0,"max_hp_gain":0,"max_hp_loss":0,"event_name":"Vampires","floor":20,"gold_loss":0}],"is_beta":false,"boss_relics":[{"not_picked":["Philosopher\u0027s Stone","Coffee Dripper"],"picked":"Black Star"}],"items_purged_floors":[0,0,19],"is_endless":false,"potions_floor_spawned":[4,7,13,14,16],"killed_by":"Snake Plant","ascension_level":20}