{"gold_per_floor":[20,195,214,233,2,28,28,28,28,28,41,75,91,105,105,206,206,219,236,6,19,34,34,34,34,34,34,46,46,46,61,61,156,156,167,180,197,29,77,77,77,91,91,117,130,156,20,55,55,55],"floor_reached":51,"playtime":3090,"items_purged":["Doubt","Doubt","SashWhip"],"score":874,"play_id":"e6f40462-f2ae-45cd-8062-01a98b4b1067","local_time":"20230117000157","is_ascension_mode":false,"campfire_choices":[{"floor":8.0,"key":"REST"},{"data":"Adaptation","floor":15.0,"key":"SMITH"},{"data":"JustLucky","floor":23.0,"key":"SMITH"},{"data":"SpiritShield","floor":25.0,"key":"SMITH"},{"data":"Eruption","floor":27.0,"key":"SMITH"},{"data":"Weave","floor":32.0,"key":"SMITH"},{"data":"FlurryOfBlows","floor":40.0,"key":"SMITH"},{"floor":49,"key":"REST"}],"neow_cost":"CURSE","seed_source_timestamp":85145116220100,"circlet_count":0,"master_deck":["Eruption+1","Vigilance+1","FollowUp","FollowUp+1","ThirdEye+1","ThirdEye","FlurryOfBlows","ClearTheMind","Weave+1","JustLucky","Indignation","Adaptation+1","FlurryOfBlows+1","SpiritShield+1","TalkToTheHand+1","Collect+1","ConjureBlade+1","Vengeance","InnerPeace+1","Halt","JustLucky+1","ICR:Serenity","Weave","Weave","LessonLearned","Wireheading+1","Nirvana+1","Violence","CutThroughFate+1"],"special_seed":0,"relics":["PureWater","ClockworkSouvenir","Mummified Hand","Ornamental Fan","PreservedInsect","Smiling Mask","Astrolabe","TheAbacus","The Courier","Busted Crown","Chemical X","FossilizedHelix","TeardropLocket","StrikeDummy","Dream Catcher","Pen Nib","White Beast Statue"],"potions_floor_usage":[42,45,48],"damage_taken":[{"damage":0.0,"enemies":"Jaw Worm","floor":1.0,"turns":1.0},{"damage":0.0,"enemies":"2 Louse","floor":3.0,"turns":4.0},{"damage":0.0,"enemies":"Cultist","floor":4.0,"turns":3.0},{"damage":21.0,"enemies":"3 Sentries","floor":6.0,"turns":6.0},{"damage":0.0,"enemies":"3 Louse","floor":11.0,"turns":2.0},{"damage":0.0,"enemies":"Lagavulin","floor":12.0,"turns":4.0},{"damage":0.0,"enemies":"2 Fungi Beasts","floor":13.0,"turns":2.0},{"damage":4.0,"enemies":"Exordium Thugs","floor":14.0,"turns":3.0},{"damage":31.0,"enemies":"The Guardian","floor":16.0,"turns":8.0},{"damage":0.0,"enemies":"Chosen","floor":18.0,"turns":3.0},{"damage":7.0,"enemies":"3 Byrds","floor":19.0,"turns":3.0},{"damage":0.0,"enemies":"Snake Plant","floor":21.0,"turns":3.0},{"damage":0.0,"enemies":"Cultist and Chosen","floor":22.0,"turns":5.0},{"damage":0.0,"enemies":"3 Cultists","floor":28.0,"turns":3.0},{"damage":9.0,"enemies":"Shelled Parasite and Fungi","floor":31.0,"turns":4.0},{"damage":3.0,"enemies":"Automaton","floor":33.0,"turns":6.0},{"damage":20.0,"enemies":"3 Shapes","floor":35.0,"turns":4.0},{"damage":13.0,"enemies":"3 Darklings","floor":36.0,"turns":4.0},{"damage":0.0,"enemies":"Transient","floor":37.0,"turns":5.0},{"damage":14.0,"enemies":"2 Orb Walkers","floor":39.0,"turns":4.0},{"damage":4,"enemies":"Sphere and 2 Shapes","floor":42,"turns":4},{"damage":0,"enemies":"Reptomancer","floor":44,"turns":4},{"damage":0,"enemies":"Jaw Worm Horde","floor":45,"turns":3},{"damage":0,"enemies":"Nemesis","floor":46,"turns":3},{"damage":0,"enemies":"Reptomancer","floor":48,"turns":3},{"damage":0,"enemies":"Awakened One","floor":50,"turns":10}],"seed_played":"6468653113000805865","potions_obtained":[{"floor":1.0,"key":"Swift Potion"},{"floor":13.0,"key":"AttackPotion"},{"floor":14.0,"key":"AttackPotion"},{"floor":16.0,"key":"EntropicBrew"},{"floor":22.0,"key":"SteroidPotion"},{"floor":28.0,"key":"Fruit Juice"},{"floor":33.0,"key":"FearPotion"},{"floor":39.0,"key":"PowerPotion"},{"floor":44,"key":"Explosive Potion"},{"floor":46,"key":"Fruit Juice"},{"floor":48,"key":"SmokeBomb"}],"is_trial":false,"path_per_floor":["M","?","M","M","$","E","?","R","T","?","M","E","M","M","R","B",null,"M","M","$","M","M","R","?","R","T","R","M","?","?","M","R","B",null,"M","M","M","$","?","R","?","M","T","E","M","E","$","E","R","B",null],"character_chosen":"WATCHER","items_purchased":["ClockworkSouvenir","TheAbacus","Halt","Chemical X","Violence"],"campfire_rested":2,"item_purchase_floors":[5,20,20,38,47],"current_hp_per_floor":[47,47,47,47,47,26,26,45,45,45,45,45,45,41,41,10,65,65,58,58,58,58,58,58,58,58,58,63,63,63,54,54,51,70,50,37,37,37,23,23,23,19,19,19,19,19,19,24,46,46],"gold":55,"neow_bonus":"WATCHER_SHAOLIN","is_prod":false,"is_daily":false,"chose_seed":false,"campfire_upgraded":6,"win_rate":0,"timestamp":1673931717,"path_taken":["M","?","M","M","$","E","?","R","T","?","M","E","M","M","R","BOSS","M","M","$","M","M","R","?","R","T","R","M","?","?","M","R","BOSS","M","M","M","$","?","R","?","M","T","E","?","E","$","E","R","BOSS"],"build_version":"2022-12-18","purchased_purges":3,"victory":true,"max_hp_per_floor":[65,65,65,65,65,65,65,65,65,65,65,65,65,65,65,65,65,65,65,65,65,65,65,65,65,65,65,70,70,70,70,70,70,70,70,70,70,70,70,70,70,70,70,70,70,70,70,75,75,75],"card_choices":[{"not_picked":["Protect","CrushJoints"],"picked":"FlurryOfBlows","floor":1.0},{"not_picked":["Nirvana","Evaluate"],"picked":"SashWhip","floor":3.0},{"not_picked":["Evaluate","Protect"],"picked":"ClearTheMind","floor":4.0},{"not_picked":["Fasting2","Evaluate"],"picked":"Weave","floor":6.0},{"not_picked":["SignatureMove","ForeignInfluence"],"picked":"JustLucky","floor":11.0},{"not_picked":["Halt","Swivel"],"picked":"Indignation","floor":12.0},{"not_picked":["Ragnarok","Sanctity"],"picked":"Adaptation","floor":13.0},{"not_picked":["Sanctity","ForeignInfluence"],"picked":"FlurryOfBlows","floor":14.0},{"not_picked":["Wish","Judgement"],"picked":"SpiritShield","floor":16.0},{"not_picked":["FlyingSleeves","Evaluate+1"],"picked":"Vengeance","floor":18.0},{"not_picked":["FlyingSleeves","Crescendo"],"picked":"InnerPeace+1","floor":19.0},{"not_picked":["WreathOfFlame","Indignation+1","Evaluate+1"],"picked":"SKIP","floor":21.0},{"not_picked":["Consecrate","Fasting2"],"picked":"JustLucky","floor":22.0},{"not_picked":["FearNoEvil","Wish"],"picked":"ICR:Serenity","floor":28.0},{"not_picked":["Prostrate","ThirdEye"],"picked":"Weave","floor":31.0},{"not_picked":["MasterReality","Ragnarok"],"picked":"LessonLearned","floor":33.0},{"not_picked":["Prostrate"],"picked":"SKIP","floor":35.0},{"not_picked":["Prostrate"],"picked":"SKIP","floor":36.0},{"not_picked":["JustLucky"],"picked":"SKIP","floor":37.0},{"not_picked":[],"picked":"Wireheading+1","floor":39.0},{"not_picked":["Consecrate+1"],"picked":"SKIP","floor":42},{"not_picked":["Swivel+1"],"picked":"SKIP","floor":44},{"not_picked":[],"picked":"Nirvana+1","floor":45},{"not_picked":["Prostrate+1"],"picked":"SKIP","floor":46},{"not_picked":["FlyingSleeves"],"picked":"SKIP","floor":48},{"not_picked":[],"picked":"CutThroughFate+1","floor":49}],"player_experience":1096926,"relics_obtained":[{"floor":6.0,"key":"Mummified Hand"},{"floor":9.0,"key":"Ornamental Fan"},{"floor":12.0,"key":"Smiling Mask"},{"floor":26.0,"key":"The Courier"},{"floor":39.0,"key":"FossilizedHelix"},{"floor":43,"key":"StrikeDummy"},{"floor":44,"key":"Dream Catcher"},{"floor":46,"key":"Pen Nib"},{"floor":48,"key":"White Beast Statue"}],"event_choices":[{"damage_healed":0.0,"max_hp_gain":0.0,"max_hp_loss":0.0,"gold_gain":175.0,"event_name":"betterThird:BetterSerpent","player_choice":"AGREE","floor":2.0,"gold_loss":0.0,"damage_taken":20.0},{"damage_healed":0.0,"max_hp_gain":0.0,"max_hp_loss":0.0,"gold_gain":0.0,"event_name":"betterThird:BetterScrap","player_choice":"LEAVE","floor":7.0,"gold_loss":0.0,"damage_taken":0.0,"cards_obtained":["Distraction"]},{"damage_healed":0.0,"max_hp_gain":0.0,"max_hp_loss":0.0,"gold_gain":0.0,"event_name":"Dead Adventurer","player_choice":"Searched \u00272\u0027 times","floor":10.0,"gold_loss":0.0,"damage_taken":0.0,"relics_obtained":["PreservedInsect"]},{"damage_healed":0.0,"max_hp_gain":0.0,"max_hp_loss":0.0,"gold_gain":0.0,"event_name":"betterNote:BetterNote","player_choice":"Ignored","floor":24.0,"gold_loss":0.0,"damage_taken":0.0,"cards_obtained":["Combust"]},{"cards_removed":["FollowUp"],"damage_healed":0.0,"max_hp_gain":0.0,"max_hp_loss":0.0,"gold_gain":0.0,"event_name":"betterThird:BetterWriting","player_choice":"Elegance","floor":29.0,"gold_loss":0.0,"damage_taken":0.0},{"damage_healed":0.0,"max_hp_gain":0.0,"max_hp_loss":0.0,"gold_gain":0.0,"event_name":"Duplicator","player_choice":"Copied","floor":30.0,"gold_loss":0.0,"damage_taken":0.0,"cards_obtained":["Weave"]},{"damage_healed":0.0,"max_hp_gain":0.0,"max_hp_loss":0.0,"gold_gain":0.0,"event_name":"Mysterious Sphere","player_choice":"Fight","floor":39.0,"gold_loss":0.0,"damage_taken":0.0},{"damage_healed":0.0,"max_hp_gain":0.0,"max_hp_loss":0.0,"gold_gain":0.0,"event_name":"WeMeetAgain","player_choice":"Gave Potion","floor":41.0,"gold_loss":0.0,"damage_taken":0.0,"relics_obtained":["TeardropLocket"]}],"is_beta":false,"boss_relics":[{"not_picked":["Ectoplasm","Fusion Hammer"],"picked":"Astrolabe"},{"not_picked":["Empty Cage","Pandora\u0027s Box"],"picked":"Busted Crown"}],"items_purged_floors":[5,20,38],"is_endless":false,"potions_floor_spawned":[1,13,14,16,19,22,28,33,39,44,46,48],"ascension_level":0}