{"gold_per_floor":[114,131,131,56,56,56,73,85,85,102,2,30,5,35,35,35],"floor_reached":16,"playtime":589,"items_purged":["Defend_P","Strike_P"],"score":270,"play_id":"01112da2-118b-49e5-ad73-afcc7e187e4d","local_time":"20230114141611","is_ascension_mode":true,"campfire_choices":[{"floor":6,"key":"REST"},{"floor":15,"key":"REST"}],"neow_cost":"PERCENT_DAMAGE","seed_source_timestamp":299694508878200,"circlet_count":0,"master_deck":["AscendersBane","Strike_P","Strike_P","Strike_P","Defend_P","Defend_P","Eruption","Vigilance","JustLucky","Worship","Weave","ReachHeaven","Vengeance","ClearTheMind"],"relics":["PureWater","Torii","Unceasing Top","Blue Candle","Yang","Strawberry"],"potions_floor_usage":[8,8,14,14,16],"damage_taken":[{"damage":1,"enemies":"Jaw Worm","floor":1,"turns":3},{"damage":6,"enemies":"2 Louse","floor":2,"turns":3},{"damage":1,"enemies":"Cultist","floor":7,"turns":4},{"damage":0,"enemies":"Large Slime","floor":8,"turns":3},{"damage":3,"enemies":"3 Louse","floor":10,"turns":3},{"damage":0,"enemies":"Gremlin Nob","floor":12,"turns":2},{"damage":9,"enemies":"Lagavulin","floor":14,"turns":6},{"damage":53,"enemies":"Hexaghost","floor":16,"turns":7}],"seed_played":"4607556004812324426","potions_obtained":[{"floor":2,"key":"FearPotion"},{"floor":7,"key":"ColorlessPotion"},{"floor":10,"key":"SpeedPotion"},{"floor":12,"key":"Weak Potion"},{"floor":14,"key":"DistilledChaos"}],"is_trial":false,"path_per_floor":["M","M","?","$","?","R","M","M","T","M","$","E","$","E","R","B"],"character_chosen":"WATCHER","items_purchased":["ClearTheMind"],"campfire_rested":2,"item_purchase_floors":[13],"current_hp_per_floor":[42,36,29,29,11,31,30,30,30,27,27,27,27,25,47,0],"gold":35,"neow_bonus":"ONE_RARE_RELIC","is_prod":false,"is_daily":false,"chose_seed":false,"campfire_upgraded":0,"win_rate":0,"timestamp":1673723771,"path_taken":["M","M","?","$","?","R","M","M","T","M","$","E","?","E","R","BOSS"],"build_version":"2022-12-18","purchased_purges":2,"victory":false,"max_hp_per_floor":[68,68,68,68,68,68,68,68,68,68,68,68,68,75,75,75],"card_choices":[{"not_picked":["SashWhip","SignatureMove"],"picked":"JustLucky","floor":1},{"not_picked":["Conclude","Consecrate"],"picked":"Worship","floor":2},{"not_picked":["ThirdEye","EmptyBody"],"picked":"Weave","floor":7},{"not_picked":["Indignation","ClearTheMind"],"picked":"ReachHeaven","floor":8},{"not_picked":["Conclude","FlyingSleeves"],"picked":"Vengeance","floor":10},{"not_picked":["LikeWater","JustLucky","FollowUp"],"picked":"SKIP","floor":12},{"not_picked":["PathToVictory","ConjureBlade","SashWhip"],"picked":"SKIP","floor":14}],"player_experience":1069168,"relics_obtained":[{"floor":9,"key":"Blue Candle"},{"floor":12,"key":"Yang"},{"floor":14,"key":"Strawberry"}],"event_choices":[{"cards_removed":["Defend_P"],"damage_healed":0,"gold_gain":0,"player_choice":"Card Removal","damage_taken":7,"max_hp_gain":0,"max_hp_loss":0,"event_name":"Golden Wing","floor":3,"gold_loss":0},{"damage_healed":0,"gold_gain":0,"player_choice":"Relic ","damage_taken":18,"max_hp_gain":0,"max_hp_loss":0,"event_name":"betterThird:BetterScrap","floor":5,"gold_loss":0,"cards_obtained":["Leg Sweep"]}],"is_beta":false,"boss_relics":[],"items_purged_floors":[4,11],"is_endless":false,"potions_floor_spawned":[2,7,10,12,14],"killed_by":"Hexaghost","ascension_level":20}