{"gold_per_floor":[115,190,200,200,219,252,252,267,267,286,286,286,99,119,119,215,215,225,244,244],"floor_reached":20,"playtime":736,"items_purged":["Defend_P"],"score":220,"play_id":"ba8835ff-258a-4add-b0c8-aa858d24985c","local_time":"20230115134632","is_ascension_mode":true,"campfire_choices":[{"floor":7.0,"key":"REST"},{"floor":12.0,"key":"REST"},{"floor":15,"key":"REST"}],"neow_cost":"","seed_source_timestamp":384027251646900,"circlet_count":0,"master_deck":["Strike_P","Strike_P","Strike_P+1","Strike_P","Defend_P","Defend_P","Defend_P","Eruption+1","Vigilance","Crescendo","Conclude","Vengeance","Meditate","Halt","ThirdEye","EmptyFist","FlyingSleeves","LikeWater","CarveReality","Judgement"],"special_seed":0,"relics":["PureWater","Pen Nib","Mercury Hourglass","NlothsMask","VioletLotus"],"potions_floor_usage":[16],"damage_taken":[{"damage":2.0,"enemies":"Jaw Worm","floor":1.0,"turns":2.0},{"damage":2.0,"enemies":"Small Slimes","floor":3.0,"turns":2.0},{"damage":0.0,"enemies":"Cultist","floor":5.0,"turns":2.0},{"damage":35.0,"enemies":"3 Sentries","floor":6.0,"turns":7.0},{"damage":11.0,"enemies":"3 Louse","floor":8.0,"turns":2.0},{"damage":0.0,"enemies":"Large Slime","floor":10.0,"turns":3.0},{"damage":12,"enemies":"Exordium Thugs","floor":14,"turns":2},{"damage":12,"enemies":"Slime Boss","floor":16,"turns":4},{"damage":34,"enemies":"2 Thieves","floor":18,"turns":4},{"damage":0,"enemies":"Spheric Guardian","floor":19,"turns":2},{"damage":72,"enemies":"Snecko","floor":20,"turns":4}],"seed_played":"2401592618278736394","potions_obtained":[{"floor":3.0,"key":"Explosive Potion"},{"floor":5.0,"key":"FearPotion"},{"floor":10.0,"key":"Ancient Potion"},{"floor":16,"key":"Ancient Potion"},{"floor":19,"key":"CultistPotion"}],"is_trial":false,"path_per_floor":["M","?","M","?","M","E","R","M","T","M","?","R","$","M","R","B",null,"M","M","M"],"character_chosen":"WATCHER","items_purchased":["Crescendo","Conclude","LikeWater","CarveReality"],"campfire_rested":3,"item_purchase_floors":[0,0,13,13],"current_hp_per_floor":[70,59,57,43,43,8,29,18,18,18,18,39,39,27,48,36,63,29,29,0],"gold":244,"neow_bonus":"","is_prod":false,"is_daily":false,"chose_seed":false,"campfire_upgraded":0,"win_rate":0,"timestamp":1673808392,"path_taken":["M","?","M","?","M","E","R","M","T","M","?","R","$","?","R","BOSS","M","M","M"],"build_version":"2022-12-18","purchased_purges":1,"victory":false,"max_hp_per_floor":[72,72,72,72,72,72,72,72,72,72,72,72,72,72,72,72,72,72,72,72],"card_choices":[{"not_picked":["CrushJoints","JustLucky"],"picked":"Vengeance","floor":1.0},{"not_picked":["ThirdEye","Evaluate"],"picked":"Meditate","floor":3.0},{"not_picked":["Protect","FlyingSleeves"],"picked":"Halt","floor":5.0},{"not_picked":["PathToVictory","Wireheading"],"picked":"ThirdEye","floor":6.0},{"not_picked":["SashWhip","Adaptation"],"picked":"EmptyFist","floor":8.0},{"not_picked":["Alpha","Vengeance"],"picked":"FlyingSleeves","floor":10.0},{"not_picked":["Tantrum","SashWhip","Protect"],"picked":"SKIP","floor":14},{"not_picked":["SpiritShield","DeusExMachina"],"picked":"Judgement","floor":16},{"not_picked":["SashWhip","PathToVictory","CrushJoints"],"picked":"SKIP","floor":18},{"not_picked":["CrushJoints+1","BattleHymn","FlyingSleeves"],"picked":"SKIP","floor":19}],"player_experience":1075817,"relics_obtained":[{"floor":6.0,"key":"Pen Nib"},{"floor":9.0,"key":"Mercury Hourglass"}],"event_choices":[{"damage_healed":0.0,"max_hp_gain":0.0,"max_hp_loss":0.0,"gold_gain":75.0,"event_name":"betterThird:BetterGoop","player_choice":"Gold","floor":2.0,"gold_loss":0.0,"damage_taken":11.0},{"damage_healed":57.0,"max_hp_gain":0.0,"max_hp_loss":72.0,"gold_gain":0.0,"event_name":"betterThird:BetterShining","player_choice":"Upgrade","floor":4.0,"gold_loss":0.0,"damage_taken":14.0,"cards_upgraded":["Strike_P","Eruption"]},{"damage_healed":0.0,"max_hp_gain":0.0,"max_hp_loss":0.0,"gold_gain":0.0,"event_name":"FaceTrader","player_choice":"Trade","floor":11.0,"gold_loss":0.0,"damage_taken":0.0,"relics_obtained":["NlothsMask"]}],"is_beta":false,"boss_relics":[{"not_picked":["Busted Crown","Tiny House"],"picked":"VioletLotus"}],"items_purged_floors":[13],"is_endless":false,"potions_floor_spawned":[3,5,10,16,19],"killed_by":"Snecko","ascension_level":5}