{"gold_per_floor":[119,0,0,11,29,56,56,56],"floor_reached":8,"playtime":220,"items_purged":["Strike_P"],"score":112,"play_id":"479ec1a0-f110-44af-9024-27fcc8a2253e","local_time":"20230114142002","is_ascension_mode":true,"campfire_choices":[],"neow_cost":"","seed_source_timestamp":300294524089200,"circlet_count":0,"master_deck":["AscendersBane","Strike_P","Strike_P","Strike_P","Defend_P","Defend_P","Defend_P","Eruption","Vigilance","SignatureMove","Study","Evaluate","Crescendo","Enlightenment","ForeignInfluence","TalkToTheHand","CrushJoints"],"relics":["PureWater","Sundial","GremlinMask"],"potions_floor_usage":[4],"damage_taken":[{"damage":12,"enemies":"Jaw Worm","floor":1,"turns":2},{"damage":4,"enemies":"2 Louse","floor":4,"turns":3},{"damage":0,"enemies":"Cultist","floor":5,"turns":2},{"damage":35,"enemies":"Gremlin Nob","floor":6,"turns":4},{"damage":10,"enemies":"3 Sentries","floor":8,"turns":1}],"seed_played":"6564137842231075097","potions_obtained":[{"floor":1,"key":"Weak Potion"},{"floor":6,"key":"PowerPotion"}],"is_trial":false,"path_per_floor":["M","?","?","M","M","E","?","E"],"character_chosen":"WATCHER","items_purchased":["SignatureMove","Study","Evaluate"],"campfire_rested":0,"item_purchase_floors":[0,0,0],"current_hp_per_floor":[42,48,41,37,37,2,2,0],"gold":56,"neow_bonus":"","is_prod":false,"is_daily":false,"chose_seed":false,"campfire_upgraded":0,"win_rate":0,"timestamp":1673724002,"path_taken":["M","?","?","M","M","E","?","E"],"build_version":"2022-12-18","purchased_purges":1,"victory":false,"max_hp_per_floor":[68,74,74,74,74,74,74,74],"card_choices":[{"not_picked":["PathToVictory","CrushJoints"],"picked":"Crescendo","floor":1},{"not_picked":["CarveReality","Consecrate"],"picked":"ForeignInfluence","floor":4},{"not_picked":["Protect","Evaluate"],"picked":"TalkToTheHand","floor":5},{"not_picked":["EmptyBody","Protect"],"picked":"CrushJoints","floor":6}],"player_experience":1069757,"relics_obtained":[{"floor":6,"key":"Sundial"}],"event_choices":[{"damage_healed":0,"gold_gain":0,"player_choice":"RENOUNCE","damage_taken":119,"max_hp_gain":0,"max_hp_loss":0,"event_name":"betterThird:BetterSerpent","floor":2,"gold_loss":119,"cards_obtained":["Enlightenment"]},{"cards_removed":["Defend_P"],"damage_healed":0,"gold_gain":0,"player_choice":"Card Removal","damage_taken":7,"max_hp_gain":0,"max_hp_loss":0,"event_name":"Golden Wing","floor":3,"gold_loss":0},{"damage_healed":0,"gold_gain":0,"player_choice":"Trade","damage_taken":0,"relics_obtained":["GremlinMask"],"max_hp_gain":0,"max_hp_loss":0,"event_name":"FaceTrader","floor":7,"gold_loss":0}],"is_beta":false,"boss_relics":[],"items_purged_floors":[0],"is_endless":false,"potions_floor_spawned":[1,6],"killed_by":"3 Sentries","ascension_level":20}