{"gold_per_floor":[113,132,150,150,160,160,189,214,251,263,275,358,370,409,421,544,556,584,596,340,363,463,481,481,481,481,504,504,533,553,579,579,688,688,704,728,486,498,525,525,557,557,638,638,638,262,312,135,135,135],"floor_reached":51,"playtime":2689,"items_purged":["Strike_P","Strike_P","Defend_P","Strike_P"],"score":907,"play_id":"1dc07580-db36-4fab-a273-fbc9548e6eed","local_time":"20230115232614","is_ascension_mode":true,"campfire_choices":[{"data":"Eruption","floor":6,"key":"SMITH"},{"floor":10,"key":"REST"},{"data":"Vault","floor":13,"key":"SMITH"},{"floor":15,"key":"REST"},{"data":"Blasphemy","floor":24,"key":"SMITH"},{"data":"Adaptation","floor":28,"key":"SMITH"},{"floor":32,"key":"REST"},{"floor":40,"key":"REST"},{"floor":42,"key":"REST"},{"data":"Scrawl","floor":44,"key":"SMITH"},{"data":"MentalFortress","floor":49,"key":"SMITH"}],"neow_cost":"","seed_source_timestamp":416993050967400,"circlet_count":0,"master_deck":["Eruption+1","Vigilance","EmptyBody","BowlingBash","FearNoEvil","EmptyFist","Indignation","SashWhip","Vault+1","ThirdEye","FollowUp","Blasphemy+1","WheelKick","CarveReality","Adaptation+1","CutThroughFate","Nirvana","TalkToTheHand+1","Protect","Scrawl+1","WindmillStrike+1","Finesse","Impatience","Deep Breath","Deep Breath","MentalFortress+1","Ragnarok+1","Secret Weapon","JustLucky+1","Nirvana"],"relics":["PureWater","MawBank","CeramicFish","Gremlin Horn","Empty Cage","Membership Card","Happy Flower","Runic Pyramid","Frozen Eye","PreservedInsect","Strawberry","Molten Egg 2","Pear","TungstenRod","Lee\u0027s Waffle"],"potions_floor_usage":[7,33,33,36,38,41],"damage_taken":[{"damage":0,"enemies":"Jaw Worm","floor":1,"turns":3},{"damage":12,"enemies":"Small Slimes","floor":2,"turns":5},{"damage":3,"enemies":"2 Louse","floor":3,"turns":2},{"damage":18,"enemies":"Gremlin Gang","floor":5,"turns":5},{"damage":18,"enemies":"Lagavulin","floor":7,"turns":7},{"damage":6,"enemies":"Large Slime","floor":8,"turns":5},{"damage":0,"enemies":"3 Louse","floor":14,"turns":2},{"damage":0,"enemies":"Slime Boss","floor":16,"turns":6},{"damage":10,"enemies":"2 Thieves","floor":18,"turns":3},{"damage":0,"enemies":"Shell Parasite","floor":21,"turns":3},{"damage":6,"enemies":"Centurion and Healer","floor":23,"turns":4},{"damage":19,"enemies":"Snake Plant","floor":27,"turns":4},{"damage":0,"enemies":"Snecko","floor":29,"turns":3},{"damage":0,"enemies":"3 Cultists","floor":30,"turns":3},{"damage":27,"enemies":"Snake Plant","floor":31,"turns":4},{"damage":1,"enemies":"Automaton","floor":33,"turns":6},{"damage":0,"enemies":"Orb Walker","floor":35,"turns":2},{"damage":24,"enemies":"3 Shapes","floor":36,"turns":3},{"damage":13,"enemies":"Transient","floor":38,"turns":7},{"damage":30,"enemies":"Nemesis","floor":41,"turns":8},{"damage":0,"enemies":"Mind Bloom Boss Battle","floor":47,"turns":6},{"damage":69,"enemies":"Donu and Deca","floor":50,"turns":9}],"seed_played":"7422629497679642493","potions_obtained":[{"floor":3,"key":"Dexterity Potion"},{"floor":5,"key":"SpeedPotion"},{"floor":16,"key":"SkillPotion"},{"floor":25,"key":"PowerPotion"},{"floor":27,"key":"PowerPotion"},{"floor":33,"key":"SkillPotion"},{"floor":35,"key":"Block Potion"}],"is_trial":false,"path_per_floor":["M","M","M","?","M","R","E","M","T","R","?","T","R","M","R","B",null,"M","?","$","M","?","M","R","?","T","M","R","M","M","M","R","B",null,"M","M","$","M","?","R","E","R","T","R","?","$","?","$","R","B",null],"character_chosen":"WATCHER","items_purchased":["EmptyBody","BowlingBash","Membership Card","WheelKick","CarveReality","Frozen Eye","PreservedInsect","Finesse","MentalFortress","Ragnarok+1","Pear","Secret Weapon","JustLucky+1","Lee\u0027s Waffle","Nirvana"],"campfire_rested":5,"item_purchase_floors":[0,0,20,20,20,37,37,37,46,46,46,46,46,48,48],"current_hp_per_floor":[72,60,57,50,32,32,14,8,8,29,29,29,29,29,50,50,72,62,62,62,62,62,56,56,56,56,37,37,37,37,10,31,30,72,72,48,48,35,25,46,23,46,46,46,46,56,56,96,96,27],"gold":135,"neow_bonus":"","is_prod":false,"is_daily":false,"chose_seed":false,"campfire_upgraded":6,"win_rate":0,"timestamp":1673843174,"path_taken":["M","M","M","?","M","R","E","M","T","R","?","?","R","M","R","BOSS","M","?","$","?","?","M","R","?","T","M","R","?","M","M","R","BOSS","M","M","$","M","?","R","E","R","T","R","?","$","?","$","R","BOSS"],"build_version":"2022-12-18","purchased_purges":4,"victory":true,"max_hp_per_floor":[72,72,72,72,72,72,72,72,72,72,72,72,72,72,72,72,72,72,72,72,72,72,72,72,72,72,72,72,72,72,72,72,72,72,72,72,72,72,72,72,79,79,79,79,79,89,89,96,96,96],"card_choices":[{"not_picked":["Weave","WaveOfTheHand"],"picked":"FearNoEvil","floor":1},{"not_picked":["EmptyBody","CutThroughFate"],"picked":"EmptyFist","floor":2},{"not_picked":["Protect","WaveOfTheHand"],"picked":"Indignation","floor":3},{"not_picked":["Study","EmptyFist"],"picked":"SashWhip","floor":5},{"not_picked":["Crescendo","Collect"],"picked":"Vault","floor":7},{"not_picked":["FollowUp","SashWhip"],"picked":"ThirdEye","floor":8},{"not_picked":["BowlingBash","EmptyBody"],"picked":"FollowUp","floor":14},{"not_picked":["DeusExMachina","Vault"],"picked":"Blasphemy","floor":16},{"not_picked":["Collect","ThirdEye","WindmillStrike"],"picked":"SKIP","floor":18},{"not_picked":["Halt+1","BowlingBash"],"picked":"Adaptation","floor":21},{"not_picked":["Consecrate+1","Tantrum","CrushJoints"],"picked":"SKIP","floor":23},{"not_picked":["FollowUp+1","Adaptation+1"],"picked":"CutThroughFate","floor":27},{"not_picked":["WreathOfFlame","Pray+1"],"picked":"Nirvana","floor":29},{"not_picked":["PathToVictory","Consecrate+1"],"picked":"TalkToTheHand+1","floor":30},{"not_picked":["FollowUp","Prostrate"],"picked":"Protect","floor":31},{"not_picked":["Establishment","ConjureBlade"],"picked":"Scrawl","floor":33},{"not_picked":["Adaptation","PathToVictory","Prostrate"],"picked":"SKIP","floor":35},{"not_picked":["Collect+1","Halt+1","WindmillStrike+1"],"picked":"SKIP","floor":36},{"not_picked":["Collect+1","Halt+1"],"picked":"WindmillStrike+1","floor":36},{"not_picked":["Prostrate","FearNoEvil","Nirvana"],"picked":"SKIP","floor":38},{"not_picked":["Jack Of All Trades","Forethought"],"picked":"Impatience","floor":39},{"not_picked":["Purity","Panache"],"picked":"Deep Breath","floor":39},{"not_picked":["Jack Of All Trades","Discovery"],"picked":"Deep Breath","floor":39},{"not_picked":["Crescendo+1","ClearTheMind+1","WreathOfFlame+1"],"picked":"SKIP","floor":41}],"player_experience":1082366,"relics_obtained":[{"floor":7,"key":"MawBank"},{"floor":9,"key":"CeramicFish"},{"floor":12,"key":"Gremlin Horn"},{"floor":26,"key":"Happy Flower"},{"floor":41,"key":"Strawberry"},{"floor":43,"key":"Molten Egg 2"},{"floor":47,"key":"TungstenRod"}],"event_choices":[{"cards_removed":["Defend_P"],"damage_healed":0,"gold_gain":0,"player_choice":"Card Removal","damage_taken":7,"max_hp_gain":0,"max_hp_loss":0,"event_name":"Golden Wing","floor":4,"gold_loss":0},{"damage_healed":0,"gold_gain":0,"player_choice":"Ignored","damage_taken":275,"max_hp_gain":0,"max_hp_loss":0,"event_name":"betterThird:BetterSerpent","floor":11,"gold_loss":0},{"cards_removed":["Defend_P"],"damage_healed":0,"gold_gain":0,"player_choice":"Offered Basic","damage_taken":0,"max_hp_gain":0,"max_hp_loss":0,"event_name":"Bonfire Elementals","floor":19,"gold_loss":0},{"damage_healed":0,"gold_gain":100,"player_choice":"Pray","damage_taken":0,"max_hp_gain":0,"max_hp_loss":0,"event_name":"Golden Shrine","floor":22,"gold_loss":0},{"damage_healed":0,"gold_gain":0,"player_choice":"Got Potions","damage_taken":0,"max_hp_gain":0,"max_hp_loss":0,"event_name":"Lab","floor":25,"gold_loss":0},{"damage_healed":0,"gold_gain":0,"player_choice":"Memory 3","damage_taken":10,"max_hp_gain":0,"max_hp_loss":0,"event_name":"SensoryStone","floor":39,"gold_loss":0},{"damage_healed":0,"gold_gain":0,"player_choice":"Ignored","damage_taken":0,"max_hp_gain":0,"max_hp_loss":0,"event_name":"Tomb of Lord Red Mask","floor":45,"gold_loss":0},{"damage_healed":0,"gold_gain":0,"player_choice":"Fight","damage_taken":0,"max_hp_gain":0,"max_hp_loss":0,"event_name":"MindBloom","floor":47,"gold_loss":0}],"is_beta":false,"boss_relics":[{"not_picked":["Fusion Hammer","SlaversCollar"],"picked":"Empty Cage"},{"not_picked":["Black Star","Snecko Eye"],"picked":"Runic Pyramid"}],"items_purged_floors":[20,37,46,48],"is_endless":false,"potions_floor_spawned":[3,5,16,27,29,30,31,33,35],"ascension_level":3}