{"gold_per_floor":[119,130,142,158,158,158,188,188,213,49,49,79,79,89,89,188,188,200,216,231,246,246,246],"floor_reached":23,"playtime":1830,"items_purged":["Strike_P","Strike_P","Defend_P"],"score":303,"play_id":"cc320283-e875-42f6-b51c-ff36356666c1","local_time":"20230111213630","is_ascension_mode":false,"campfire_choices":[{"floor":6,"key":"REST"},{"floor":15,"key":"REST"}],"neow_cost":"","seed_source_timestamp":65670033549700,"circlet_count":0,"master_deck":["Defend_P","Eruption","Vigilance","bad_watcher:Reach","bad_watcher:Fade","InnerPeace","EmptyFist","Weave","SandsOfTime","PathToVictory","Conclude","ThirdEye","bad_watcher:Contract","bad_spire:peace","bad_watcher:Shock","bad_watcher:Anatomy","bad_spire:aura","FearNoEvil","DeusExMachina","WheelKick","bad_watcher:Disturbance","Carnage","EmptyBody","bad_watcher:Legacy+1","The Bomb","MentalFortress","bad_watcher:Heat+1","Halt"],"relics":["PureWater","moreChoices:MoreCardChoices","bad_spire:looking_glass","Oddly Smooth Stone","Happy Flower","Busted Crown"],"potions_floor_usage":[14,16,18,19,23],"damage_taken":[{"damage":5,"enemies":"2 Louse","floor":1,"turns":2},{"damage":0,"enemies":"Small Slimes","floor":2,"turns":4},{"damage":0,"enemies":"Jaw Worm","floor":3,"turns":2},{"damage":5,"enemies":"Looter","floor":4,"turns":2},{"damage":22,"enemies":"Lagavulin","floor":7,"turns":6},{"damage":25,"enemies":"Gremlin Nob","floor":12,"turns":4},{"damage":0,"enemies":"3 Louse","floor":14,"turns":1},{"damage":16,"enemies":"Hexaghost","floor":16,"turns":6},{"damage":3,"enemies":"Spheric Guardian","floor":18,"turns":3},{"damage":7,"enemies":"Shell Parasite","floor":19,"turns":4},{"damage":16,"enemies":"Shelled Parasite and Fungi","floor":20,"turns":4},{"damage":26,"enemies":"Snake Plant","floor":21,"turns":4},{"damage":20,"enemies":"Slavers","floor":23,"turns":2}],"seed_played":"-6336151722966614476","potions_obtained":[{"floor":1,"key":"Ancient Potion"},{"floor":4,"key":"SmokeBomb"},{"floor":12,"key":"Fire Potion"},{"floor":16,"key":"AttackPotion"},{"floor":18,"key":"Swift Potion"},{"floor":20,"key":"LiquidBronze"},{"floor":21,"key":"SteroidPotion"}],"is_trial":false,"path_per_floor":["M","M","M","M","?","R","E","?","T","$","?","E","?","M","R","B",null,"M","M","M","M","?","E"],"character_chosen":"WATCHER","items_purchased":["InnerPeace","EmptyFist","Weave","SandsOfTime","PathToVictory","Conclude","WheelKick"],"campfire_rested":2,"item_purchase_floors":[0,0,0,0,0,0,10],"current_hp_per_floor":[39,39,39,34,27,48,26,26,26,26,50,25,16,16,37,21,72,69,62,46,20,20,0],"gold":246,"neow_bonus":"","is_prod":false,"is_daily":false,"chose_seed":false,"campfire_upgraded":0,"win_rate":0,"timestamp":1673490990,"path_taken":["M","M","M","M","?","R","E","?","T","$","?","E","?","M","R","BOSS","M","M","M","M","?","E"],"build_version":"2022-12-18","purchased_purges":3,"victory":false,"max_hp_per_floor":[72,72,72,72,72,72,72,72,72,72,72,72,72,72,72,72,72,72,72,72,72,72,72],"card_choices":[{"not_picked":["Indignation","FearNoEvil","Collect","Tantrum"],"picked":"ThirdEye","floor":1},{"not_picked":["SignatureMove","bad_watcher:Shock","bad_watcher:Chip","Fasting2"],"picked":"bad_watcher:Contract","floor":2},{"not_picked":["bad_spire:peace","bad_spire:banana","bad_spire:momentum","Finesse","bad_spire:backthought"],"picked":"SKIP","floor":2},{"not_picked":["bad_spire:banana","bad_spire:momentum","Finesse","bad_spire:backthought"],"picked":"bad_spire:peace","floor":2},{"not_picked":["BowlingBash","Crescendo","bad_watcher:Disturbance","bad_watcher:Return"],"picked":"bad_watcher:Shock","floor":3},{"not_picked":["Collect","bad_watcher:Coordinate","bad_watcher:Disturbance","bad_watcher:Shock"],"picked":"bad_watcher:Anatomy","floor":4},{"not_picked":["bad_spire:back","bad_spire:momentum","bad_spire:aura","bad_spire:debilitate","Purity"],"picked":"SKIP","floor":4},{"not_picked":["bad_spire:back","bad_spire:momentum","bad_spire:debilitate","Purity"],"picked":"bad_spire:aura","floor":4},{"not_picked":["WindmillStrike","Scrawl","ThirdEye","Evaluate"],"picked":"FearNoEvil","floor":7},{"not_picked":["bad_watcher:Chip","Perseverance","Ragnarok","FollowUp"],"picked":"bad_watcher:Disturbance","floor":12},{"not_picked":["bad_watcher:HeavySmite","bad_watcher:Unravel","Ragnarok","TalkToTheHand"],"picked":"EmptyBody","floor":14},{"not_picked":["Vault","Establishment","Alpha","bad_watcher:Flicker"],"picked":"bad_watcher:Legacy","floor":16},{"not_picked":["Swift Strike","bad_spire:inspiration","bad_spire:aura","Trip"],"picked":"The Bomb","floor":16},{"not_picked":["Evaluate","Vengeance"],"picked":"MentalFortress","floor":18},{"not_picked":["Halt","SashWhip","Evaluate"],"picked":"SKIP","floor":19},{"not_picked":["Consecrate","Meditate"],"picked":"bad_watcher:Heat+1","floor":20},{"not_picked":["bad_watcher:Unravel","bad_watcher:HeavySmite"],"picked":"Halt","floor":21}],"player_experience":978685,"relics_obtained":[{"floor":7,"key":"bad_spire:looking_glass"},{"floor":9,"key":"Oddly Smooth Stone"},{"floor":12,"key":"Happy Flower"}],"event_choices":[{"cards_removed":["Defend_P"],"damage_healed":0,"gold_gain":0,"player_choice":"Card Removal","damage_taken":7,"max_hp_gain":0,"max_hp_loss":0,"event_name":"Golden Wing","floor":5,"gold_loss":0},{"damage_healed":0,"gold_gain":0,"cards_transformed":["Strike_P"],"player_choice":"Change","damage_taken":0,"max_hp_gain":0,"max_hp_loss":0,"event_name":"Living Wall","floor":8,"gold_loss":0,"cards_obtained":["DeusExMachina"]},{"damage_healed":24,"gold_gain":0,"player_choice":"Banana","damage_taken":0,"max_hp_gain":0,"max_hp_loss":0,"event_name":"Big Fish","floor":11,"gold_loss":0},{"damage_healed":0,"gold_gain":0,"player_choice":"Card ","damage_taken":9,"max_hp_gain":0,"max_hp_loss":0,"event_name":"betterThird:BetterScrap","floor":13,"gold_loss":0,"cards_obtained":["Carnage"]},{"damage_healed":0,"gold_gain":0,"player_choice":"Forge","damage_taken":0,"max_hp_gain":0,"max_hp_loss":0,"event_name":"Accursed Blacksmith","floor":22,"gold_loss":0,"cards_upgraded":["bad_watcher:Legacy"]}],"is_beta":false,"boss_relics":[{"not_picked":["Fusion Hammer","Pandora\u0027s Box"],"picked":"Busted Crown"}],"items_purged_floors":[0,0,10],"is_endless":false,"potions_floor_spawned":[1,4,12,16,18,20,21],"killed_by":"Slavers","ascension_level":0}