{"gold_per_floor":[112,131,9,21,40,40,71,71,141,175,175,205,223,75,75,180,180,190,280,295,115,115,115],"floor_reached":23,"playtime":691,"items_purged":["Defend_P","Defend_P"],"score":411,"play_id":"b166c5b7-fc2f-4581-add5-b08e5258efac","local_time":"20230118235539","is_ascension_mode":true,"campfire_choices":[{"data":"Eruption","floor":8,"key":"SMITH"},{"floor":15,"key":"REST"}],"neow_cost":"NONE","seed_source_timestamp":31597230196400,"circlet_count":0,"master_deck":["AscendersBane","Strike_P","Strike_P","Strike_P","Strike_P","Defend_P","Eruption+1","Vigilance","SandsOfTime","SashWhip","FollowUp","WheelKick","ClearTheMind","Tantrum","Consecrate","FearNoEvil"],"special_seed":0,"relics":["reliquary:WritOfMandamus","Pocketwatch","reliquary:Sideboard","Art of War","OrangePellets","Runic Pyramid"],"potions_floor_usage":[7,10,16,23,23],"damage_taken":[{"damage":0.0,"enemies":"Cultist","floor":1.0,"turns":2.0},{"damage":7.0,"enemies":"2 Louse","floor":2.0,"turns":2.0},{"damage":0.0,"enemies":"Small Slimes","floor":4.0,"turns":2.0},{"damage":11,"enemies":"Looter","floor":5,"turns":2},{"damage":22,"enemies":"3 Sentries","floor":7,"turns":3},{"damage":0,"enemies":"Gremlin Nob","floor":10,"turns":2},{"damage":0,"enemies":"Exordium Wildlife","floor":13,"turns":2},{"damage":0,"enemies":"Slime Boss","floor":16,"turns":3},{"damage":15,"enemies":"3 Byrds","floor":18,"turns":3},{"damage":14,"enemies":"2 Thieves","floor":20,"turns":2},{"damage":25,"enemies":"Book of Stabbing","floor":23,"turns":2}],"seed_played":"4238345285304059830","potions_obtained":[{"floor":1.0,"key":"Ambrosia"},{"floor":5,"key":"Strength Potion"},{"floor":7,"key":"Swift Potion"},{"floor":16,"key":"StancePotion"}],"is_trial":false,"path_per_floor":["M","M","$","M","M","?","E","R","T","E","?","?","M","$","R","B",null,"M","?","M","$","?","E"],"character_chosen":"WATCHER","items_purchased":["FollowUp","OrangePellets","FearNoEvil"],"campfire_rested":1,"item_purchase_floors":[3,14,21],"current_hp_per_floor":[65,58,58,58,47,47,25,25,25,25,25,25,25,25,46,46,66,51,33,19,19,19,0],"gold":115,"neow_bonus":"BOSS_RELIC","is_prod":false,"is_daily":false,"chose_seed":false,"campfire_upgraded":1,"win_rate":0,"timestamp":1674104139,"path_taken":["M","M","$","M","M","?","E","R","T","E","?","?","M","$","R","BOSS","M","?","M","$","?","E"],"build_version":"2022-12-18","purchased_purges":2,"victory":false,"max_hp_per_floor":[72,72,72,72,72,72,72,72,72,72,72,72,72,72,72,72,72,72,72,72,72,72,72],"card_choices":[{"not_picked":["SashWhip","SignatureMove"],"picked":"SandsOfTime","floor":1.0},{"not_picked":["Halt","Evaluate"],"picked":"SashWhip","floor":2.0},{"not_picked":["Study","Indignation"],"picked":"WheelKick","floor":4.0},{"not_picked":["Halt","FlurryOfBlows"],"picked":"ClearTheMind","floor":5},{"not_picked":["PathToVictory","Sanctity"],"picked":"Tantrum","floor":7},{"not_picked":["Prostrate","Pray"],"picked":"Consecrate","floor":10},{"not_picked":["EmptyFist","EmptyBody"],"picked":"Devotion","floor":13},{"not_picked":["MasterReality","DeusExMachina"],"picked":"Judgement","floor":16},{"not_picked":["MentalFortress","Fasting2"],"picked":"Wireheading","floor":18},{"not_picked":["Collect+1","Fasting2"],"picked":"JustLucky","floor":20}],"player_experience":1118303,"relics_obtained":[{"floor":7,"key":"Pocketwatch"},{"floor":9,"key":"reliquary:Sideboard"},{"floor":10,"key":"Art of War"}],"event_choices":[{"damage_healed":0,"gold_gain":0,"player_choice":"Ignored","damage_taken":0,"max_hp_gain":0,"max_hp_loss":0,"event_name":"Liars Game","floor":6,"gold_loss":0},{"cards_removed":["Defend_P"],"damage_healed":0,"gold_gain":0,"player_choice":"Forget","damage_taken":0,"max_hp_gain":0,"max_hp_loss":0,"event_name":"Living Wall","floor":11,"gold_loss":0},{"damage_healed":0,"gold_gain":30,"player_choice":"Searched \u00271\u0027 times","damage_taken":0,"max_hp_gain":0,"max_hp_loss":0,"event_name":"Dead Adventurer","floor":12,"gold_loss":0},{"damage_healed":0,"gold_gain":90,"player_choice":"POTION GOLD ","damage_taken":18,"max_hp_gain":0,"max_hp_loss":0,"event_name":"Knowing Skull","floor":19,"potions_obtained":["Weak Potion"],"gold_loss":0,"cards_obtained":[]},{"damage_healed":0,"gold_gain":0,"player_choice":"Ignored","damage_taken":0,"max_hp_gain":0,"max_hp_loss":0,"event_name":"N\u0027loth","floor":22,"gold_loss":0}],"is_beta":false,"boss_relics":[{"not_picked":["Calling Bell","Tiny House"],"picked":"Runic Pyramid"}],"items_purged_floors":[3,21],"is_endless":false,"potions_floor_spawned":[1,5,7,16],"killed_by":"Book of Stabbing","ascension_level":10}