{"gold_per_floor":[111,123,139,157,82,82,82,109,109,138,138,166,166,179,179,254,254,273,273,11,11,11,11,0,0],"floor_reached":25,"playtime":1077,"items_purged":["Defend_P","Defend_P"],"score":509,"play_id":"6cd25e26-881d-48c2-b446-34284a25c376","local_time":"20230123231717","is_ascension_mode":true,"campfire_choices":[{"data":"Judgement","floor":6.0,"key":"SMITH"},{"data":"Adaptation","floor":11.0,"key":"SMITH"},{"floor":13.0,"key":"REST"},{"floor":15.0,"key":"REST"},{"floor":23.0,"key":"REST"}],"neow_cost":"TEN_PERCENT_HP_LOSS","seed_source_timestamp":12124452553000,"circlet_count":0,"master_deck":["AscendersBane","Defend_P","Defend_P","Eruption","Vigilance","Judgement+1","Prostrate","Protect","Adaptation+1","Prostrate","Wireheading","SandsOfTime","SpiritShield","Worship","Blasphemy","CutThroughFate","Ragnarok","Nirvana","Bite","Bite","Bite","Bite"],"special_seed":0,"relics":["PureWater","Bottled Lightning","WingedGreaves","Pen Nib","Empty Cage"],"potions_floor_usage":[],"damage_taken":[{"damage":0.0,"enemies":"Small Slimes","floor":1.0,"turns":2.0},{"damage":0.0,"enemies":"Jaw Worm","floor":2.0,"turns":3.0},{"damage":0.0,"enemies":"2 Louse","floor":3.0,"turns":5.0},{"damage":0.0,"enemies":"Looter","floor":4.0,"turns":3.0},{"damage":10.0,"enemies":"3 Sentries","floor":8.0,"turns":6.0},{"damage":4.0,"enemies":"Lagavulin","floor":10.0,"turns":7.0},{"damage":49.0,"enemies":"Gremlin Nob","floor":12.0,"turns":6.0},{"damage":9.0,"enemies":"Lots of Slimes","floor":14.0,"turns":6.0},{"damage":21.0,"enemies":"Hexaghost","floor":16.0,"turns":9.0},{"damage":29.0,"enemies":"3 Byrds","floor":18.0,"turns":5.0},{"damage":44,"enemies":"Slavers","floor":25,"turns":3}],"seed_played":"6143781131926163558","potions_obtained":[{"floor":1.0,"key":"SpeedPotion"},{"floor":4.0,"key":"LiquidMemories"},{"floor":12.0,"key":"AttackPotion"},{"floor":14.0,"key":"LiquidBronze"},{"floor":16.0,"key":"Fire Potion"}],"is_trial":false,"path_per_floor":["M","M","M","M","$","R","?","E","T","E","R","E","R","M","R","B",null,"M","?","$","?","?","R","?","E"],"character_chosen":"WATCHER","items_purchased":["Ragnarok","Nirvana"],"campfire_rested":3,"item_purchase_floors":[20,20],"current_hp_per_floor":[61,61,61,61,61,61,61,51,51,49,49,2,20,13,31,12,50,23,23,23,23,23,41,41,0],"gold":0,"neow_bonus":"THREE_RARE_CARDS","is_prod":false,"is_daily":false,"chose_seed":false,"campfire_upgraded":2,"win_rate":0,"timestamp":1674533837,"path_taken":["M","M","M","M","$","R","?","E","T","E","R","E","R","M","R","BOSS","M","?","$","?","?","R","?","E"],"build_version":"2022-12-18","purchased_purges":2,"victory":false,"max_hp_per_floor":[62,62,62,62,62,62,62,62,62,62,62,62,62,62,62,62,62,62,62,62,62,62,62,62,62],"card_choices":[{"not_picked":["Ragnarok","Scrawl"],"picked":"Judgement","floor":0.0},{"not_picked":["TalkToTheHand","Crescendo"],"picked":"Prostrate","floor":1.0},{"not_picked":["Halt","Consecrate"],"picked":"Protect","floor":2.0},{"not_picked":["WreathOfFlame","JustLucky"],"picked":"Adaptation","floor":3.0},{"not_picked":["Study","Protect"],"picked":"Prostrate","floor":4.0},{"not_picked":["ClearTheMind","JustLucky"],"picked":"Wireheading","floor":8.0},{"not_picked":["EmptyBody","DeceiveReality"],"picked":"SandsOfTime","floor":10.0},{"not_picked":["ThirdEye","JustLucky"],"picked":"SpiritShield","floor":12.0},{"not_picked":["WheelKick","SashWhip"],"picked":"Worship","floor":14.0},{"not_picked":["DevaForm","Judgement"],"picked":"Blasphemy","floor":16.0},{"not_picked":["PathToVictory","ClearTheMind","DeceiveReality"],"picked":"SKIP","floor":18.0}],"player_experience":1151082,"relics_obtained":[{"floor":8.0,"key":"Blood Vial"},{"floor":9.0,"key":"Bottled Lightning"},{"floor":10.0,"key":"WingedGreaves"},{"floor":12.0,"key":"Pen Nib"}],"event_choices":[{"damage_healed":0.0,"max_hp_gain":0.0,"max_hp_loss":0.0,"gold_gain":0.0,"event_name":"Liars Game","player_choice":"Ignored","floor":7.0,"gold_loss":0.0,"damage_taken":0.0},{"damage_healed":0.0,"max_hp_gain":0.0,"max_hp_loss":0.0,"gold_gain":0.0,"event_name":"The Library","player_choice":"Read","floor":19.0,"gold_loss":0.0,"damage_taken":0.0,"cards_obtained":["CutThroughFate"]},{"damage_healed":0.0,"max_hp_gain":0.0,"max_hp_loss":0.0,"gold_gain":0.0,"event_name":"Vampires","player_choice":"Became a vampire (Vial)","floor":21.0,"relics_lost":["Blood Vial"],"gold_loss":0.0,"damage_taken":0.0,"cards_obtained":["Bite","Bite","Bite","Bite","Bite"]},{"cards_removed":["Bite"],"damage_healed":0.0,"max_hp_gain":0.0,"max_hp_loss":0.0,"gold_gain":0.0,"event_name":"Back to Basics","player_choice":"Elegance","floor":22.0,"gold_loss":0.0,"damage_taken":0.0},{"damage_healed":0.0,"max_hp_gain":0.0,"max_hp_loss":0.0,"gold_gain":0.0,"event_name":"Masked Bandits","player_choice":"Paid Fearfully","floor":24.0,"gold_loss":11.0,"damage_taken":0.0}],"is_beta":false,"boss_relics":[{"not_picked":["Runic Dome","Black Star"],"picked":"Empty Cage"}],"items_purged_floors":[5,20],"is_endless":false,"potions_floor_spawned":[1,4,12,14,16],"killed_by":"Slavers","ascension_level":20}