{"gold_per_floor":[111,125,135,135,150,150,484,143,143,175,175,189,189,205,205,304,304,315,315,335,353,46,46,57,91,91,56,81,81,101,101],"floor_reached":31,"playtime":1626,"items_purged":["Defend_P","Prostrate"],"score":506,"play_id":"f111d60f-3bd3-40e2-ae67-0d6b166d9b4e","local_time":"20230119003514","is_ascension_mode":true,"campfire_choices":[{"data":"Eruption","floor":6,"key":"SMITH"},{"floor":13,"key":"REST"},{"data":"FlurryOfBlows","floor":15,"key":"SMITH"},{"floor":23,"key":"REST"},{"data":"Blasphemy","floor":29,"key":"SMITH"}],"neow_cost":"NONE","seed_source_timestamp":33068597498000,"circlet_count":0,"master_deck":["AscendersBane","Strike_P","Strike_P","Defend_P","Defend_P","Eruption+1","Vigilance","Consecrate","Wireheading","FollowUp","Conclude","Weave","FlurryOfBlows+1","Indignation","SandsOfTime","CutThroughFate","Blasphemy+1","ThirdEye+1","Prostrate","DevaForm","FlurryOfBlows","Nirvana","ClearTheMind+1"],"relics":["HolyWater","Old Coin","reliquary:RoseTintedGlasses","reliquary:SheepsEyeMarble","Dead Branch","Membership Card","Damaru","Toxic Egg 2","Bronze Scales"],"potions_floor_usage":[5,7,10,25,28,30,31],"damage_taken":[{"damage":16,"enemies":"Jaw Worm","floor":1,"turns":2},{"damage":0,"enemies":"2 Louse","floor":2,"turns":2},{"damage":0,"enemies":"Cultist","floor":3,"turns":2},{"damage":8,"enemies":"Blue Slaver","floor":5,"turns":5},{"damage":20,"enemies":"3 Sentries","floor":7,"turns":4},{"damage":23,"enemies":"Lagavulin","floor":10,"turns":5},{"damage":0,"enemies":"Large Slime","floor":12,"turns":3},{"damage":0,"enemies":"Exordium Wildlife","floor":14,"turns":2},{"damage":0,"enemies":"Slime Boss","floor":16,"turns":5},{"damage":7,"enemies":"Chosen","floor":18,"turns":2},{"damage":0,"enemies":"Spheric Guardian","floor":20,"turns":3},{"damage":15,"enemies":"Snake Plant","floor":21,"turns":3},{"damage":1,"enemies":"Cultist and Chosen","floor":24,"turns":5},{"damage":15,"enemies":"Slavers","floor":25,"turns":3},{"damage":28,"enemies":"Gremlin Leader","floor":28,"turns":3},{"damage":17,"enemies":"Centurion and Healer","floor":30,"turns":4},{"damage":13,"enemies":"Slavers","floor":31,"turns":1}],"seed_played":"-2259289634885152897","potions_obtained":[{"floor":1,"key":"BottledMiracle"},{"floor":2,"key":"EssenceOfSteel"},{"floor":7,"key":"FearPotion"},{"floor":16,"key":"Strength Potion"},{"floor":21,"key":"ColorlessPotion"},{"floor":25,"key":"Regen Potion"},{"floor":28,"key":"SpeedPotion"}],"is_trial":false,"path_per_floor":["M","M","M","?","M","R","E","$","T","E","?","M","R","M","R","B",null,"M","?","M","M","$","R","M","E","T","$","E","R","M","E"],"character_chosen":"WATCHER","items_purchased":["Weave","reliquary:RoseTintedGlasses","FlurryOfBlows","FlurryOfBlows","Membership Card","Nirvana"],"campfire_rested":2,"item_purchase_floors":[8,8,8,22,22,27],"current_hp_per_floor":[49,49,49,72,64,64,44,44,44,21,21,21,42,42,42,42,65,58,58,58,43,43,64,63,48,48,48,29,29,12,0],"gold":101,"neow_bonus":"REMOVE_CARD","is_prod":false,"is_daily":false,"chose_seed":false,"campfire_upgraded":3,"win_rate":0,"timestamp":1674106514,"path_taken":["M","M","M","?","M","R","E","$","T","E","?","M","R","?","R","BOSS","M","?","M","M","$","R","M","E","T","$","E","R","M","E"],"build_version":"2022-12-18","purchased_purges":2,"victory":false,"max_hp_per_floor":[72,72,72,72,72,72,72,72,72,72,72,72,72,72,72,72,72,72,72,72,72,72,72,72,72,72,72,72,72,72,72],"card_choices":[{"not_picked":["Swivel","Pray"],"picked":"Consecrate","floor":1},{"not_picked":["DeceiveReality","Halt"],"picked":"Prostrate","floor":2},{"not_picked":["SashWhip","Collect"],"picked":"Wireheading","floor":3},{"not_picked":["PathToVictory","FlyingSleeves"],"picked":"FollowUp","floor":5},{"not_picked":["LessonLearned","Wish"],"picked":"Conclude","floor":7},{"not_picked":["WreathOfFlame","EmptyBody"],"picked":"Indignation","floor":10},{"not_picked":["Halt","Meditate"],"picked":"SandsOfTime","floor":12},{"not_picked":["Protect","CarveReality"],"picked":"CutThroughFate","floor":14},{"not_picked":["LessonLearned","Scrawl"],"picked":"Blasphemy","floor":16},{"not_picked":["SignatureMove","Halt"],"picked":"ThirdEye+1","floor":18},{"not_picked":["InnerPeace","Crescendo"],"picked":"Prostrate","floor":20},{"not_picked":["SashWhip","CrushJoints"],"picked":"DevaForm","floor":21},{"not_picked":["Halt+1","ForeignInfluence+1","Consecrate"],"picked":"SKIP","floor":24},{"not_picked":["ThirdEye+1","CutThroughFate","WindmillStrike"],"picked":"SKIP","floor":25},{"not_picked":["FlyingSleeves","ForeignInfluence+1","Blasphemy+1"],"picked":"SKIP","floor":28},{"not_picked":["EmptyMind+1","Fasting2"],"picked":"ClearTheMind+1","floor":30}],"player_experience":1119711,"relics_obtained":[{"floor":7,"key":"Old Coin"},{"floor":9,"key":"reliquary:SheepsEyeMarble"},{"floor":10,"key":"Dead Branch"},{"floor":25,"key":"Damaru"},{"floor":26,"key":"Toxic Egg 2"},{"floor":28,"key":"Bronze Scales"}],"event_choices":[{"damage_healed":24,"gold_gain":0,"player_choice":"Banana","damage_taken":0,"max_hp_gain":0,"max_hp_loss":0,"event_name":"Big Fish","floor":4,"gold_loss":0},{"cards_removed":["Strike_P"],"damage_healed":0,"gold_gain":0,"player_choice":"Purged","damage_taken":0,"max_hp_gain":0,"max_hp_loss":0,"event_name":"Purifier","floor":11,"gold_loss":0},{"cards_removed":["Strike_P"],"damage_healed":0,"gold_gain":0,"player_choice":"Offered Basic","damage_taken":0,"max_hp_gain":0,"max_hp_loss":0,"event_name":"Bonfire Elementals","floor":19,"gold_loss":0}],"is_beta":false,"boss_relics":[{"not_picked":["reliquary:WritOfMandamus","reliquary:Craggleroot"],"picked":"HolyWater"}],"items_purged_floors":[8,22],"is_endless":false,"potions_floor_spawned":[1,2,7,16,21,25,28],"killed_by":"Slavers","ascension_level":10}