{"gold_per_floor":[111,131,151,168,180,180,215,215,215,240,240,260,277,290,290,365,365,375,425,442,465,484,484,497,524,524,524,539,552,586,526,526,526],"floor_reached":33,"playtime":1742,"items_purged":["Strike_P"],"score":756,"play_id":"6b10535d-50ee-4408-a11e-def611a04ab0","local_time":"20230123225659","is_ascension_mode":true,"campfire_choices":[{"floor":6.0,"key":"REST"},{"data":"Eruption","floor":8.0,"key":"SMITH"},{"data":"Adaptation","floor":11.0,"key":"SMITH"},{"floor":15.0,"key":"REST"},{"floor":23,"key":"REST"},{"data":"Ragnarok","floor":27,"key":"SMITH"},{"data":"ForeignInfluence","floor":32,"key":"SMITH"}],"neow_cost":"NONE","seed_source_timestamp":10353222590600,"circlet_count":0,"master_deck":["AscendersBane","Strike_P","Strike_P","Strike_P","Defend_P","Defend_P","Eruption+1","Vigilance","Tantrum","CutThroughFate","Consecrate","Protect","ForeignInfluence+1","Adaptation+1","WheelKick","Halt","FearNoEvil","Ragnarok+1","Collect","CrushJoints","ClearTheMind+1","DeceiveReality","Wallop+1","DevaForm"],"special_seed":0,"relics":["PureWater","NeowsBlessing","Pocketwatch","Calipers","Du-Vu Doll","Empty Cage","Nunchaku","The Courier","InkBottle","Orichalcum"],"potions_floor_usage":[20,25,25,30,30],"damage_taken":[{"damage":0.0,"enemies":"Small Slimes","floor":1.0,"turns":1.0},{"damage":0.0,"enemies":"Cultist","floor":2.0,"turns":1.0},{"damage":0.0,"enemies":"Jaw Worm","floor":3.0,"turns":1.0},{"damage":14.0,"enemies":"Gremlin Gang","floor":4.0,"turns":5.0},{"damage":19.0,"enemies":"3 Louse","floor":5.0,"turns":3.0},{"damage":16.0,"enemies":"Gremlin Nob","floor":7.0,"turns":3.0},{"damage":0.0,"enemies":"Lagavulin","floor":10.0,"turns":4.0},{"damage":6.0,"enemies":"Exordium Wildlife","floor":12.0,"turns":3.0},{"damage":0.0,"enemies":"Large Slime","floor":13.0,"turns":3.0},{"damage":1.0,"enemies":"Lots of Slimes","floor":14.0,"turns":2.0},{"damage":19.0,"enemies":"Hexaghost","floor":16.0,"turns":5.0},{"damage":20.0,"enemies":"2 Thieves","floor":18.0,"turns":3.0},{"damage":9,"enemies":"3 Byrds","floor":20,"turns":3},{"damage":0,"enemies":"Cultist and Chosen","floor":22,"turns":3},{"damage":0,"enemies":"Snecko","floor":24,"turns":3},{"damage":0,"enemies":"Gremlin Leader","floor":25,"turns":4},{"damage":3,"enemies":"Centurion and Healer","floor":28,"turns":4},{"damage":0,"enemies":"Sentry and Sphere","floor":29,"turns":2},{"damage":0,"enemies":"Book of Stabbing","floor":30,"turns":3},{"damage":51,"enemies":"Champ","floor":33,"turns":6}],"seed_played":"8631291389228074201","potions_obtained":[{"floor":3.0,"key":"SkillPotion"},{"floor":10.0,"key":"DistilledChaos"},{"floor":12.0,"key":"Strength Potion"},{"floor":13.0,"key":"CultistPotion"},{"floor":16.0,"key":"LiquidBronze"},{"floor":22,"key":"BlessingOfTheForge"},{"floor":28,"key":"GamblersBrew"},{"floor":29,"key":"Block Potion"}],"is_trial":false,"path_per_floor":["M","M","M","M","M","R","E","R","T","E","R","M","M","M","R","B",null,"M","?","M","T","M","R","M","E","T","R","M","M","E","$","R","B"],"character_chosen":"WATCHER","items_purchased":[],"campfire_rested":3,"item_purchase_floors":[],"current_hp_per_floor":[61,61,61,47,28,48,32,32,32,32,32,26,26,25,45,26,58,38,32,23,23,23,43,43,43,43,43,40,40,40,40,40,0],"gold":526,"neow_bonus":"THREE_ENEMY_KILL","is_prod":false,"is_daily":false,"chose_seed":false,"campfire_upgraded":4,"win_rate":0,"timestamp":1674532619,"path_taken":["M","M","M","M","M","R","E","R","T","E","R","M","M","M","R","BOSS","M","?","?","?","M","R","M","E","T","R","?","M","E","$","R","BOSS"],"build_version":"2022-12-18","purchased_purges":1,"victory":false,"max_hp_per_floor":[68,68,68,68,68,68,68,68,68,68,68,68,68,68,68,68,68,68,68,68,68,68,68,68,68,68,68,68,68,68,68,68,68],"card_choices":[{"not_picked":["BowlingBash","CrushJoints"],"picked":"Tantrum","floor":1.0},{"not_picked":["Sanctity","BowlingBash"],"picked":"CutThroughFate","floor":2.0},{"not_picked":["Tantrum","PathToVictory","FlyingSleeves"],"picked":"SKIP","floor":3.0},{"not_picked":["EmptyBody","WreathOfFlame"],"picked":"Consecrate","floor":4.0},{"not_picked":["ForeignInfluence","PathToVictory"],"picked":"Protect","floor":5.0},{"not_picked":["ThirdEye","FlurryOfBlows"],"picked":"ForeignInfluence","floor":7.0},{"not_picked":["WaveOfTheHand","Establishment"],"picked":"Adaptation","floor":10.0},{"not_picked":["Conclude","WindmillStrike"],"picked":"WheelKick","floor":12.0},{"not_picked":["FollowUp","SignatureMove"],"picked":"Halt","floor":13.0},{"not_picked":["WindmillStrike","ThirdEye"],"picked":"FearNoEvil","floor":14.0},{"not_picked":["LessonLearned","Vault"],"picked":"Ragnarok","floor":16.0},{"not_picked":["SashWhip+1","FollowUp"],"picked":"Collect","floor":18.0},{"not_picked":["FollowUp","Crescendo"],"picked":"CrushJoints","floor":20},{"not_picked":["CrushJoints","FlyingSleeves"],"picked":"ClearTheMind+1","floor":22},{"not_picked":["LikeWater","Halt"],"picked":"DeceiveReality","floor":24},{"not_picked":["EmptyFist","Vengeance+1"],"picked":"Wallop+1","floor":25},{"not_picked":["WindmillStrike","Sanctity","FollowUp"],"picked":"SKIP","floor":28},{"not_picked":["Protect","Prostrate","TalkToTheHand"],"picked":"SKIP","floor":29},{"not_picked":["Study","Tantrum"],"picked":"DevaForm","floor":30}],"player_experience":1149340,"relics_obtained":[{"floor":7.0,"key":"Pocketwatch"},{"floor":9.0,"key":"Calipers"},{"floor":10.0,"key":"Du-Vu Doll"},{"floor":21,"key":"Nunchaku"},{"floor":25,"key":"The Courier"},{"floor":26,"key":"InkBottle"},{"floor":30,"key":"Orichalcum"}],"event_choices":[{"damage_healed":0,"gold_gain":50,"player_choice":"Touch","damage_taken":6,"max_hp_gain":0,"max_hp_loss":0,"event_name":"FaceTrader","floor":19,"gold_loss":0}],"is_beta":false,"boss_relics":[{"not_picked":["Ectoplasm","Velvet Choker"],"picked":"Empty Cage"}],"items_purged_floors":[31],"is_endless":false,"potions_floor_spawned":[3,10,12,13,16,22,28,29],"killed_by":"Champ","ascension_level":20}