{"gold_per_floor":[111,19,38,38,38,38,51,92,142,155,188,138,138,158,158,281,281,296,315,338,338,352,352,352],"floor_reached":24,"playtime":1160,"items_purged":[],"score":312,"play_id":"6b45575f-16f6-47c1-9b71-e53b36d4199a","local_time":"20230119230815","is_ascension_mode":true,"campfire_choices":[{"data":"Eruption","floor":6,"key":"SMITH"},{"data":"Conclude","floor":13,"key":"SMITH"},{"floor":15,"key":"REST"},{"floor":23,"key":"REST"}],"neow_cost":"TEN_PERCENT_HP_LOSS","seed_source_timestamp":114696561610000,"circlet_count":0,"master_deck":["AscendersBane","Strike_P","Strike_P+1","Strike_P","Strike_P","Defend_P","Defend_P","Defend_P","Eruption+1","Vigilance+1","BowlingBash","Vengeance","FlyingSleeves","FollowUp","EmptyBody","Consecrate","EmptyFist","Conclude+1","CrushJoints","Vault","Evaluate+1","ThirdEye+1","WheelKick+1","Blasphemy"],"relics":["PureWater","StoneCalendar","Golden Idol","Ancient Tea Set","Potion Belt","reliquary:Firecrackers","reliquary:ThirdArm"],"potions_floor_usage":[8,14,22,22,24],"damage_taken":[{"damage":0,"enemies":"Small Slimes","floor":1,"turns":3},{"damage":3,"enemies":"2 Louse","floor":3,"turns":3},{"damage":2,"enemies":"Jaw Worm","floor":7,"turns":3},{"damage":7,"enemies":"Gremlin Nob","floor":8,"turns":3},{"damage":2,"enemies":"Red Slaver","floor":10,"turns":3},{"damage":6,"enemies":"Lagavulin","floor":11,"turns":7},{"damage":0,"enemies":"Looter","floor":14,"turns":2},{"damage":42,"enemies":"The Guardian","floor":16,"turns":8},{"damage":11,"enemies":"2 Thieves","floor":18,"turns":4},{"damage":9,"enemies":"Shell Parasite","floor":19,"turns":5},{"damage":23,"enemies":"Snecko","floor":20,"turns":6},{"damage":1,"enemies":"3 Cultists","floor":22,"turns":4},{"damage":30,"enemies":"Gremlin Leader","floor":24,"turns":3}],"seed_played":"8824102848870430407","potions_obtained":[{"floor":3,"key":"EssenceOfSteel"},{"floor":8,"key":"Swift Potion"},{"floor":16,"key":"BottledMiracle"},{"floor":18,"key":"Strength Potion"},{"floor":22,"key":"DistilledChaos"}],"is_trial":false,"path_per_floor":["M","$","M","?","?","R","M","E","T","M","E","?","R","M","R","B",null,"M","M","M","?","M","R","E"],"character_chosen":"WATCHER","items_purchased":["Vengeance","FlyingSleeves"],"campfire_rested":2,"item_purchase_floors":[2,2],"current_hp_per_floor":[65,65,62,49,49,49,47,40,40,38,32,32,32,32,50,8,47,36,27,4,4,3,21,0],"gold":352,"neow_bonus":"ONE_RARE_RELIC","is_prod":false,"is_daily":false,"chose_seed":false,"campfire_upgraded":2,"win_rate":0,"timestamp":1674187695,"path_taken":["M","$","M","?","?","R","M","E","T","M","E","?","R","M","R","BOSS","M","M","M","?","M","R","E"],"build_version":"2022-12-18","purchased_purges":0,"victory":false,"max_hp_per_floor":[65,65,65,65,60,60,60,60,60,60,60,60,60,60,60,60,60,60,60,60,60,60,60,60],"card_choices":[{"not_picked":["Protect","Prostrate"],"picked":"BowlingBash","floor":1},{"not_picked":["Evaluate","DeusExMachina"],"picked":"FollowUp","floor":3},{"not_picked":["WreathOfFlame","CrushJoints"],"picked":"EmptyBody","floor":7},{"not_picked":["Fasting2","Protect"],"picked":"Consecrate","floor":8},{"not_picked":["ClearTheMind","SashWhip"],"picked":"EmptyFist","floor":10},{"not_picked":["Weave","CrushJoints"],"picked":"Conclude","floor":11},{"not_picked":["Swivel","JustLucky"],"picked":"CrushJoints","floor":14},{"not_picked":["DeusExMachina","DevaForm"],"picked":"Vault","floor":16},{"not_picked":["Prostrate+1","FlurryOfBlows"],"picked":"Evaluate+1","floor":18},{"not_picked":["EmptyFist","ClearTheMind+1"],"picked":"ThirdEye+1","floor":19},{"not_picked":["FlyingSleeves","TalkToTheHand+1"],"picked":"WheelKick+1","floor":20},{"not_picked":["CrushJoints","BowlingBash+1","BattleHymn"],"picked":"SKIP","floor":22}],"player_experience":1125290,"relics_obtained":[{"floor":8,"key":"Ancient Tea Set"},{"floor":9,"key":"Potion Belt"},{"floor":11,"key":"reliquary:Firecrackers"}],"event_choices":[{"damage_healed":0,"gold_gain":0,"player_choice":"Entered Light","damage_taken":13,"max_hp_gain":0,"max_hp_loss":0,"event_name":"Shining Light","floor":4,"gold_loss":0,"cards_upgraded":["Vigilance","Strike_P"]},{"damage_healed":0,"gold_gain":0,"player_choice":"Lose Max HP","damage_taken":0,"relics_obtained":["Golden Idol"],"max_hp_gain":0,"max_hp_loss":5,"event_name":"Golden Idol","floor":5,"gold_loss":0},{"cards_removed":["Defend_P"],"damage_healed":0,"gold_gain":0,"player_choice":"Card Removal","damage_taken":0,"max_hp_gain":0,"max_hp_loss":0,"event_name":"The Cleric","floor":12,"gold_loss":50},{"damage_healed":0,"gold_gain":0,"player_choice":"Take","damage_taken":0,"max_hp_gain":0,"max_hp_loss":0,"event_name":"betterNote:BetterNote","floor":21,"gold_loss":0,"cards_obtained":["Blasphemy"]}],"is_beta":false,"boss_relics":[{"not_picked":["reliquary:KinkedSpring","Ectoplasm"],"picked":"reliquary:ThirdArm"}],"items_purged_floors":[],"is_endless":false,"potions_floor_spawned":[3,8,16,18,22],"killed_by":"Gremlin Leader","ascension_level":10}