{"gold_per_floor":[109,159,174,20,38,38,66,85,85,96,96],"floor_reached":11,"playtime":1135,"items_purged":[],"score":150,"play_id":"43c4c8db-19ec-4ae4-b4c1-5ef143d5dbd7","local_time":"20230118124552","is_ascension_mode":true,"campfire_choices":[{"data":"Eruption","floor":6,"key":"SMITH"}],"neow_cost":"NONE","seed_source_timestamp":219390540331600,"circlet_count":0,"master_deck":["AscendersBane","Strike_P","Strike_P","Strike_P","Strike_P","Defend_P","Defend_P","Defend_P","Defend_P","Eruption+1","Vigilance","FlurryOfBlows","FollowUp","Worship","Prostrate","CutThroughFate","FlurryOfBlows","Deep Breath","Omniscience","LikeWater","CutThroughFate"],"relics":["PureWater","Girya","Incense Burner"],"potions_floor_usage":[7,8,11],"damage_taken":[{"damage":1,"enemies":"Cultist","floor":1,"turns":4},{"damage":8,"enemies":"Small Slimes","floor":3,"turns":4},{"damage":0,"enemies":"Jaw Worm","floor":5,"turns":1},{"damage":26,"enemies":"Lagavulin","floor":7,"turns":5},{"damage":15,"enemies":"2 Fungi Beasts","floor":8,"turns":3},{"damage":6,"enemies":"Red Slaver","floor":10,"turns":3},{"damage":40,"enemies":"Gremlin Nob","floor":11,"turns":4}],"seed_played":"-119612187288541029","potions_obtained":[{"floor":1,"key":"Swift Potion"},{"floor":7,"key":"GamblersBrew"},{"floor":10,"key":"Regen Potion"}],"is_trial":false,"path_per_floor":["M","?","M","$","M","R","E","M","T","M","E"],"character_chosen":"WATCHER","items_purchased":["Worship","Prostrate","CutThroughFate"],"campfire_rested":0,"item_purchase_floors":[4,4,4],"current_hp_per_floor":[66,66,58,58,58,58,32,17,17,11,0],"gold":96,"neow_bonus":"TEN_PERCENT_HP_BONUS","is_prod":false,"is_daily":false,"chose_seed":false,"campfire_upgraded":1,"win_rate":0,"timestamp":1674063952,"path_taken":["M","?","?","$","M","R","E","M","T","M","E"],"build_version":"2022-12-18","purchased_purges":0,"victory":false,"max_hp_per_floor":[74,74,74,74,74,74,74,74,74,74,74],"card_choices":[{"not_picked":["Conclude","ThirdEye"],"picked":"FlurryOfBlows","floor":1},{"not_picked":["SashWhip","TalkToTheHand"],"picked":"FollowUp","floor":3},{"not_picked":["Crescendo","Consecrate"],"picked":"FlurryOfBlows","floor":5},{"not_picked":["bad_spire:banana","bad_spire:mayhem"],"picked":"Deep Breath","floor":5},{"not_picked":["ThirdEye","SashWhip"],"picked":"Omniscience","floor":7},{"not_picked":["FollowUp","TalkToTheHand"],"picked":"LikeWater","floor":8},{"not_picked":["Collect","Indignation"],"picked":"CutThroughFate","floor":10},{"not_picked":["bad_spire:roll","bad_spire:optics","bad_spire:conjure"],"picked":"SKIP","floor":10}],"player_experience":1134690,"relics_obtained":[{"floor":7,"key":"Girya"},{"floor":9,"key":"Incense Burner"}],"event_choices":[{"damage_healed":0,"gold_gain":50,"player_choice":"Pray","damage_taken":0,"max_hp_gain":0,"max_hp_loss":0,"event_name":"Golden Shrine","floor":2,"gold_loss":0}],"is_beta":false,"boss_relics":[],"items_purged_floors":[],"is_endless":false,"potions_floor_spawned":[1,7,10],"killed_by":"Gremlin Nob","ascension_level":20}