{"gold_per_floor":[116,132,150,1,1,29,29,58,70,42],"floor_reached":10,"playtime":477,"items_purged":["bad_spire:renew"],"score":152,"play_id":"756ee902-f88b-4bcf-aba2-a2882f014a8c","local_time":"20230118115921","is_ascension_mode":true,"campfire_choices":[{"data":"Enlightenment","floor":7,"key":"SMITH"}],"neow_cost":"NONE","seed_source_timestamp":217256310674200,"circlet_count":0,"master_deck":["AscendersBane","Eruption","Vigilance","ICR:DragonStrike","ICR:DragonStrike","ICR:DragonStrike","ICR:DragonStrike","ICR:CraneWing","ICR:CraneWing","ICR:CraneWing","CutThroughFate","CarveReality","Enlightenment+1","EmptyBody","Vengeance","FlurryOfBlows","DevaForm"],"relics":["PureWater","Question Card","MawBank","bad_spire:bottle"],"potions_floor_usage":[6],"damage_taken":[{"damage":3,"enemies":"Cultist","floor":1,"turns":5},{"damage":0,"enemies":"2 Louse","floor":2,"turns":1},{"damage":0,"enemies":"Jaw Worm","floor":3,"turns":3},{"damage":12,"enemies":"Lagavulin","floor":6,"turns":5},{"damage":42,"enemies":"3 Sentries","floor":8,"turns":9},{"damage":22,"enemies":"Exordium Thugs","floor":10,"turns":2}],"seed_played":"3844031662496713712","potions_obtained":[{"floor":2,"key":"BlessingOfTheForge"}],"is_trial":false,"path_per_floor":["M","M","M","$","?","E","R","E","T","M"],"character_chosen":"WATCHER","items_purchased":["Vengeance"],"campfire_rested":0,"item_purchase_floors":[4],"current_hp_per_floor":[58,58,58,58,58,46,46,4,4,0],"gold":42,"neow_bonus":"WATCHER_MONK","is_prod":false,"is_daily":false,"chose_seed":false,"campfire_upgraded":1,"win_rate":0,"timestamp":1674061161,"path_taken":["M","?","M","$","?","E","R","E","T","?"],"build_version":"2022-12-18","purchased_purges":1,"victory":false,"max_hp_per_floor":[68,68,68,68,68,68,68,68,68,68],"card_choices":[{"not_picked":["EmptyFist","Perseverance"],"picked":"CutThroughFate","floor":1},{"not_picked":["Discovery","bad_spire:momentum","bad_spire:lens"],"picked":"SKIP","floor":1},{"not_picked":["DeceiveReality","JustLucky"],"picked":"CarveReality","floor":2},{"not_picked":["bad_spire:chance","bad_spire:inspiration"],"picked":"Enlightenment","floor":2},{"not_picked":["JustLucky","FlyingSleeves"],"picked":"EmptyBody","floor":3},{"not_picked":["Evaluate","JustLucky"],"picked":"FlurryOfBlows","floor":6},{"not_picked":["SandsOfTime","PathToVictory","BowlingBash"],"picked":"DevaForm","floor":8}],"player_experience":1132632,"relics_obtained":[{"floor":6,"key":"Question Card"},{"floor":8,"key":"MawBank"},{"floor":9,"key":"bad_spire:bottle"}],"event_choices":[{"cards_removed":["ICR:CraneWing"],"damage_healed":0,"gold_gain":0,"player_choice":"Purged","damage_taken":0,"max_hp_gain":0,"max_hp_loss":0,"event_name":"Purifier","floor":5,"gold_loss":0}],"is_beta":false,"boss_relics":[],"items_purged_floors":[4],"is_endless":false,"potions_floor_spawned":[2],"killed_by":"Exordium Thugs","ascension_level":20}