{"gold_per_floor":[114,114,137,162,177,177,190,190,214,239,239,239,262,282,282,282],"floor_reached":16,"playtime":648,"items_purged":[],"score":144,"play_id":"eafbfb5f-d35d-4c5a-a70c-66174a5d1f84","local_time":"20230119192934","is_ascension_mode":true,"campfire_choices":[{"data":"Eruption","floor":6,"key":"SMITH"},{"floor":12,"key":"REST"},{"floor":15,"key":"REST"}],"neow_cost":"NONE","seed_source_timestamp":102108136106100,"circlet_count":0,"master_deck":["AscendersBane","Strike_P","Strike_P","Strike_P","Strike_P","Defend_P","Defend_P","Eruption+1","Vigilance","Weave","FearNoEvil","Consecrate","Prostrate","FlurryOfBlows","LikeWater","ThirdEye","LikeWater","MentalFortress"],"relics":["PureWater","NeowsBlessing","Golden Idol","Bag of Marbles"],"potions_floor_usage":[5,16],"damage_taken":[{"damage":0,"enemies":"Small Slimes","floor":1,"turns":1},{"damage":0,"enemies":"2 Louse","floor":3,"turns":1},{"damage":0,"enemies":"Jaw Worm","floor":4,"turns":1},{"damage":2,"enemies":"Gremlin Gang","floor":5,"turns":3},{"damage":18,"enemies":"Exordium Thugs","floor":7,"turns":4},{"damage":0,"enemies":"3 Louse","floor":10,"turns":2},{"damage":1,"enemies":"Looter","floor":13,"turns":3},{"damage":2,"enemies":"Red Slaver","floor":14,"turns":2},{"damage":72,"enemies":"The Guardian","floor":16,"turns":11}],"seed_played":"5615779694147833706","potions_obtained":[{"floor":3,"key":"SkillPotion"},{"floor":4,"key":"BottledMiracle"},{"floor":13,"key":"BlessingOfTheForge"}],"is_trial":false,"path_per_floor":["M","?","M","M","M","R","M","?","T","M","?","R","M","M","R","B"],"character_chosen":"WATCHER","items_purchased":[],"campfire_rested":2,"item_purchase_floors":[],"current_hp_per_floor":[65,47,47,47,45,45,27,20,20,20,20,41,40,38,59,0],"gold":282,"neow_bonus":"THREE_ENEMY_KILL","is_prod":false,"is_daily":false,"chose_seed":false,"campfire_upgraded":1,"win_rate":0,"timestamp":1674174574,"path_taken":["M","?","M","M","M","R","M","?","T","M","?","R","M","?","R","BOSS"],"build_version":"2022-12-18","purchased_purges":0,"victory":false,"max_hp_per_floor":[72,72,72,72,72,72,72,72,72,72,72,72,72,72,72,72],"card_choices":[{"not_picked":["SashWhip","Fasting2"],"picked":"Weave","floor":1},{"not_picked":["ClearTheMind","PathToVictory"],"picked":"FearNoEvil","floor":3},{"not_picked":["WindmillStrike","CrushJoints"],"picked":"Consecrate","floor":4},{"not_picked":["PathToVictory","WaveOfTheHand"],"picked":"Prostrate","floor":5},{"not_picked":["SignatureMove","FollowUp"],"picked":"FlurryOfBlows","floor":7},{"not_picked":["Judgement","Protect"],"picked":"LikeWater","floor":10},{"not_picked":["Protect","FlyingSleeves"],"picked":"LikeWater","floor":13},{"not_picked":["Halt","Conclude"],"picked":"MentalFortress","floor":14}],"player_experience":1122473,"relics_obtained":[{"floor":9,"key":"Bag of Marbles"}],"event_choices":[{"damage_healed":0,"gold_gain":0,"player_choice":"Take Damage","damage_taken":18,"relics_obtained":["Golden Idol"],"max_hp_gain":0,"max_hp_loss":0,"event_name":"Golden Idol","floor":2,"gold_loss":0},{"cards_removed":["Defend_P"],"damage_healed":0,"gold_gain":0,"player_choice":"Card Removal","damage_taken":7,"max_hp_gain":0,"max_hp_loss":0,"event_name":"Golden Wing","floor":8,"gold_loss":0},{"damage_healed":0,"gold_gain":0,"cards_transformed":["Defend_P"],"player_choice":"Change","damage_taken":0,"max_hp_gain":0,"max_hp_loss":0,"event_name":"Living Wall","floor":11,"gold_loss":0,"cards_obtained":["ThirdEye"]}],"is_beta":false,"boss_relics":[],"items_purged_floors":[],"is_endless":false,"potions_floor_spawned":[3,4,13],"killed_by":"The Guardian","ascension_level":10}