{"gold_per_floor":[114,132,30,30,0,28,28,46,46,66,66,95,106,106],"floor_reached":14,"playtime":577,"items_purged":[],"score":200,"play_id":"b4a4753a-4954-40d0-99cb-fe825432951f","local_time":"20230123222727","is_ascension_mode":true,"campfire_choices":[{"data":"Wish","floor":7,"key":"SMITH"},{"data":"Eruption","floor":11,"key":"SMITH"}],"neow_cost":"NONE","seed_source_timestamp":9675618725000,"circlet_count":0,"master_deck":["AscendersBane","Strike_P","Strike_P","Strike_P","Strike_P","Defend_P","Defend_P","Defend_P","Eruption+1","Vigilance","ThirdEye","TalkToTheHand","SignatureMove","EmptyFist","BowlingBash","Wish+1","Protect","ThirdEye","FollowUp"],"special_seed":0,"relics":["PureWater","Strawberry","Ice Cream","Frozen Egg 2","Smiling Mask"],"potions_floor_usage":[6,12],"damage_taken":[{"damage":16,"enemies":"Jaw Worm","floor":1,"turns":4},{"damage":0,"enemies":"Cultist","floor":2,"turns":3},{"damage":8,"enemies":"Gremlin Nob","floor":6,"turns":3},{"damage":7,"enemies":"2 Louse","floor":8,"turns":2},{"damage":3,"enemies":"Looter","floor":10,"turns":2},{"damage":15,"enemies":"3 Sentries","floor":12,"turns":6},{"damage":0,"enemies":"Blue Slaver","floor":13,"turns":3},{"damage":26,"enemies":"Gremlin Nob","floor":14,"turns":3}],"seed_played":"8449162511029151452","potions_obtained":[{"floor":2,"key":"Strength Potion"},{"floor":8,"key":"StancePotion"}],"is_trial":false,"path_per_floor":["M","M","$","?","$","E","R","M","T","M","R","E","M","E"],"character_chosen":"WATCHER","items_purchased":["SignatureMove","EmptyFist","BowlingBash"],"campfire_rested":0,"item_purchase_floors":[3,3,5],"current_hp_per_floor":[52,52,52,52,52,44,44,37,37,34,34,19,19,0],"gold":106,"neow_bonus":"RANDOM_COMMON_RELIC","is_prod":false,"is_daily":false,"chose_seed":false,"campfire_upgraded":2,"win_rate":0,"timestamp":1674530847,"path_taken":["M","M","$","?","$","E","R","M","T","M","R","E","?","E"],"build_version":"2022-12-18","purchased_purges":0,"victory":false,"max_hp_per_floor":[75,75,75,75,75,75,75,75,75,75,75,75,75,75],"card_choices":[{"not_picked":["Halt","Swivel"],"picked":"ThirdEye","floor":1},{"not_picked":["DeceiveReality","FlurryOfBlows"],"picked":"TalkToTheHand","floor":2},{"not_picked":["WreathOfFlame","JustLucky"],"picked":"Wish","floor":6},{"not_picked":["PathToVictory","FlurryOfBlows"],"picked":"Protect","floor":8},{"not_picked":["Meditate","LikeWater+1"],"picked":"ThirdEye","floor":10},{"not_picked":["WheelKick","InnerPeace","CrushJoints"],"picked":"SKIP","floor":12},{"not_picked":["ClearTheMind","Prostrate"],"picked":"FollowUp","floor":13}],"player_experience":1148763,"relics_obtained":[{"floor":6,"key":"Ice Cream"},{"floor":9,"key":"Frozen Egg 2"},{"floor":12,"key":"Smiling Mask"}],"event_choices":[{"cards_removed":["Defend_P"],"damage_healed":0,"gold_gain":0,"player_choice":"Purged","damage_taken":0,"max_hp_gain":0,"max_hp_loss":0,"event_name":"Purifier","floor":4,"gold_loss":0}],"is_beta":false,"boss_relics":[],"items_purged_floors":[],"is_endless":false,"potions_floor_spawned":[2,8],"killed_by":"Gremlin Nob","ascension_level":20}