{"gold_per_floor":[110,35,35,35,47,75,75,91,91,21,21,21,53,68,68,68],"floor_reached":16,"playtime":717,"items_purged":["Defend_P"],"score":162,"play_id":"5eb8497e-b695-4d79-a837-a06e0a3fa8c1","local_time":"20230119000750","is_ascension_mode":true,"campfire_choices":[{"floor":12,"key":"REST"},{"floor":15,"key":"REST"}],"neow_cost":"NONE","seed_source_timestamp":32336237756300,"circlet_count":0,"master_deck":["AscendersBane","Strike_P","Strike_P","Strike_P","Strike_P","Defend_P","Defend_P","Eruption","Vigilance","CrushJoints","Halt","ClearTheMind","CutThroughFate","EmptyBody","Meditate","Consecrate","InnerPeace"],"relics":["SlaversCollar","reliquary:PlasmaLobster","reliquary:BloodSugar","reliquary:BallBearing","Tiny Chest"],"potions_floor_usage":[13,13,14],"damage_taken":[{"damage":6,"enemies":"Cultist","floor":1,"turns":5},{"damage":21,"enemies":"Jaw Worm","floor":5,"turns":2},{"damage":28,"enemies":"3 Sentries","floor":6,"turns":7},{"damage":0,"enemies":"2 Louse","floor":8,"turns":4},{"damage":12,"enemies":"Lagavulin","floor":13,"turns":4},{"damage":19,"enemies":"Gremlin Gang","floor":14,"turns":5},{"damage":77,"enemies":"Slime Boss","floor":16,"turns":8}],"seed_played":"-2886467348506498438","potions_obtained":[{"floor":6,"key":"BlessingOfTheForge"},{"floor":8,"key":"Weak Potion"},{"floor":13,"key":"Fruit Juice"}],"is_trial":false,"path_per_floor":["M","$","?","?","M","E","?","M","T","$","?","R","E","M","R","B"],"character_chosen":"WATCHER","items_purchased":["Meditate"],"campfire_rested":2,"item_purchase_floors":[10],"current_hp_per_floor":[59,59,52,52,31,3,10,16,21,25,28,51,46,38,66,0],"gold":68,"neow_bonus":"BOSS_RELIC","is_prod":false,"is_daily":false,"chose_seed":false,"campfire_upgraded":0,"win_rate":0,"timestamp":1674104870,"path_taken":["M","$","?","?","M","E","?","?","T","$","?","R","E","M","R","BOSS"],"build_version":"2022-12-18","purchased_purges":1,"victory":false,"max_hp_per_floor":[72,72,72,72,72,72,72,72,72,72,72,72,72,77,77,77],"card_choices":[{"not_picked":["SashWhip","PathToVictory"],"picked":"CrushJoints","floor":1},{"not_picked":["BowlingBash","Perseverance"],"picked":"ClearTheMind","floor":5},{"not_picked":["BowlingBash","EmptyFist"],"picked":"CutThroughFate","floor":6},{"not_picked":["SignatureMove","WaveOfTheHand"],"picked":"EmptyBody","floor":8},{"not_picked":["ConjureBlade","CrushJoints","Consecrate"],"picked":"SKIP","floor":13},{"not_picked":["ConjureBlade","CrushJoints"],"picked":"Consecrate","floor":13},{"not_picked":["WheelKick","ThirdEye"],"picked":"InnerPeace","floor":14}],"player_experience":1118994,"relics_obtained":[{"floor":6,"key":"reliquary:BloodSugar"},{"floor":9,"key":"reliquary:BallBearing"},{"floor":13,"key":"Tiny Chest"}],"event_choices":[{"damage_healed":0,"gold_gain":0,"player_choice":"Success","damage_taken":7,"relics_obtained":["reliquary:PlasmaLobster"],"max_hp_gain":0,"max_hp_loss":0,"event_name":"Scrap Ooze","floor":3,"gold_loss":0},{"damage_healed":0,"gold_gain":0,"cards_transformed":["Defend_P"],"player_choice":"Change","damage_taken":0,"max_hp_gain":0,"max_hp_loss":0,"event_name":"Living Wall","floor":4,"gold_loss":0,"cards_obtained":["Halt"]},{"damage_healed":0,"gold_gain":0,"player_choice":"Ignored","damage_taken":0,"max_hp_gain":0,"max_hp_loss":0,"event_name":"Golden Idol","floor":7,"gold_loss":0},{"damage_healed":0,"gold_gain":0,"player_choice":"Ignored","damage_taken":0,"max_hp_gain":0,"max_hp_loss":0,"event_name":"Liars Game","floor":11,"gold_loss":0}],"is_beta":false,"boss_relics":[],"items_purged_floors":[2],"is_endless":false,"potions_floor_spawned":[6,8,13],"killed_by":"Slime Boss","ascension_level":10}