{"gold_per_floor":[109,126,126,126,2,29,29,64,89,101,101,135,85,102,102,197,197,210,64,74,86,161,161,161,188,188,188,14,14,32,67,67,67],"floor_reached":33,"playtime":1371,"items_purged":["Defend_P","Defend_P+1"],"score":564,"play_id":"1f9b72c2-74db-4e59-a22a-80bc2c47acf8","local_time":"20230119233126","is_ascension_mode":true,"campfire_choices":[{"data":"Wallop","floor":7,"key":"SMITH"},{"data":"Vigilance","floor":11,"key":"SMITH"},{"data":"Swivel","floor":15,"key":"SMITH"},{"data":"CarveReality","floor":23,"key":"SMITH"},{"floor":32,"key":"REST"}],"neow_cost":"NONE","seed_source_timestamp":115896483713000,"circlet_count":0,"master_deck":["AscendersBane","Strike_P+1","Strike_P+1","Defend_P+1","Eruption+1","Vigilance+1","Swivel+1","Wallop+1","Indignation","CutThroughFate","ReachHeaven","FearNoEvil","SpiritShield","ThirdEye","CarveReality+1","Tantrum","WheelKick","MentalFortress","ForeignInfluence","Nirvana+1"],"relics":["PureWater","Whetstone","reliquary:BloodSugar","Art of War","Omamori","Calling Bell","reliquary:Stiletto","Blue Candle","Prayer Wheel","reliquary:FingerTrap","StrikeDummy","reliquary:TrafficCone","Bag of Marbles"],"potions_floor_usage":[12,20,25,30,33,33],"damage_taken":[{"damage":14,"enemies":"Jaw Worm","floor":1,"turns":3},{"damage":0,"enemies":"Small Slimes","floor":2,"turns":4},{"damage":0,"enemies":"Gremlin Nob","floor":6,"turns":3},{"damage":0,"enemies":"Lagavulin","floor":8,"turns":3},{"damage":0,"enemies":"2 Louse","floor":10,"turns":1},{"damage":0,"enemies":"Gremlin Nob","floor":12,"turns":3},{"damage":0,"enemies":"2 Fungi Beasts","floor":14,"turns":2},{"damage":14,"enemies":"Hexaghost","floor":16,"turns":6},{"damage":13,"enemies":"3 Byrds","floor":18,"turns":5},{"damage":0,"enemies":"2 Thieves","floor":20,"turns":3},{"damage":5,"enemies":"Centurion and Healer","floor":21,"turns":4},{"damage":17,"enemies":"Book of Stabbing","floor":25,"turns":4},{"damage":2,"enemies":"Colosseum Slavers","floor":29,"turns":2},{"damage":1,"enemies":"Cultist and Chosen","floor":30,"turns":5},{"damage":1,"enemies":"Gremlin Leader","floor":31,"turns":4},{"damage":61,"enemies":"Collector","floor":33,"turns":5}],"seed_played":"5941501267785062717","potions_obtained":[{"floor":1,"key":"Fire Potion"},{"floor":10,"key":"FearPotion"},{"floor":14,"key":"GamblersBrew"},{"floor":20,"key":"Ancient Potion"},{"floor":25,"key":"StancePotion"},{"floor":31,"key":"SpeedPotion"}],"is_trial":false,"path_per_floor":["M","M","?","?","$","E","R","E","T","M","R","E","?","M","R","B",null,"M","$","M","M","?","R","?","E","T","?","$","?","M","E","R","B"],"character_chosen":"WATCHER","items_purchased":["CutThroughFate","reliquary:FingerTrap","MentalFortress"],"campfire_rested":1,"item_purchase_floors":[5,19,28],"current_hp_per_floor":[51,51,51,37,37,37,37,37,44,50,55,59,62,64,65,51,67,54,54,54,49,42,42,42,25,25,25,25,23,22,21,42,0],"gold":67,"neow_bonus":"UPGRADE_CARD","is_prod":false,"is_daily":false,"chose_seed":false,"campfire_upgraded":4,"win_rate":0,"timestamp":1674189086,"path_taken":["M","M","?","?","$","E","R","E","T","M","R","E","?","M","R","BOSS","M","$","M","M","?","R","?","E","T","?","$","?","M","E","R","BOSS"],"build_version":"2022-12-18","purchased_purges":2,"victory":false,"max_hp_per_floor":[72,72,72,72,72,72,72,72,72,72,72,72,72,72,72,72,72,72,72,72,72,72,72,72,72,72,72,72,72,72,72,72,72],"card_choices":[{"not_picked":["Fasting2","FlurryOfBlows"],"picked":"Swivel","floor":1},{"not_picked":["Conclude","Halt"],"picked":"Wallop","floor":2},{"not_picked":["WindmillStrike","FollowUp"],"picked":"ReachHeaven","floor":6},{"not_picked":["Indignation","CutThroughFate"],"picked":"FearNoEvil","floor":8},{"not_picked":["Conclude","Consecrate","Evaluate"],"picked":"SKIP","floor":10},{"not_picked":["JustLucky","MasterReality","ReachHeaven"],"picked":"SKIP","floor":12},{"not_picked":["Collect","ThirdEye","Halt"],"picked":"SKIP","floor":14},{"not_picked":["Alpha","MasterReality"],"picked":"SpiritShield","floor":16},{"not_picked":["SandsOfTime","CrushJoints"],"picked":"ThirdEye","floor":18},{"not_picked":["EmptyMind+1","Indignation","Halt+1"],"picked":"SKIP","floor":18},{"not_picked":["Study+1","Pray","Meditate"],"picked":"SKIP","floor":20},{"not_picked":["Halt","ThirdEye+1","Pray"],"picked":"SKIP","floor":20},{"not_picked":["Wireheading","PathToVictory"],"picked":"CarveReality","floor":21},{"not_picked":["Prostrate","JustLucky","Halt"],"picked":"SKIP","floor":21},{"not_picked":["Consecrate","SandsOfTime"],"picked":"WheelKick","floor":25},{"not_picked":["Wish","FlurryOfBlows"],"picked":"ForeignInfluence","floor":30},{"not_picked":["Halt+1","Perseverance","ClearTheMind"],"picked":"SKIP","floor":30},{"not_picked":["WheelKick","EmptyMind"],"picked":"Nirvana+1","floor":31}],"player_experience":1126450,"relics_obtained":[{"floor":6,"key":"Whetstone"},{"floor":8,"key":"reliquary:BloodSugar"},{"floor":9,"key":"Art of War"},{"floor":12,"key":"Omamori"},{"floor":17,"key":"reliquary:Stiletto"},{"floor":17,"key":"Blue Candle"},{"floor":17,"key":"Prayer Wheel"},{"floor":25,"key":"StrikeDummy"},{"floor":26,"key":"reliquary:TrafficCone"},{"floor":31,"key":"Bag of Marbles"}],"event_choices":[{"damage_healed":0,"gold_gain":0,"cards_transformed":["Defend_P"],"player_choice":"Change","damage_taken":0,"max_hp_gain":0,"max_hp_loss":0,"event_name":"Living Wall","floor":3,"gold_loss":0,"cards_obtained":["Indignation"]},{"damage_healed":0,"gold_gain":0,"player_choice":"Entered Light","damage_taken":14,"max_hp_gain":0,"max_hp_loss":0,"event_name":"Shining Light","floor":4,"gold_loss":0,"cards_upgraded":["Defend_P","Defend_P"]},{"cards_removed":["Strike_P"],"damage_healed":0,"gold_gain":0,"player_choice":"Card Removal","damage_taken":0,"max_hp_gain":0,"max_hp_loss":0,"event_name":"The Cleric","floor":13,"gold_loss":50},{"damage_healed":0,"gold_gain":75,"player_choice":"Touch","damage_taken":7,"max_hp_gain":0,"max_hp_loss":0,"event_name":"FaceTrader","floor":22,"gold_loss":0},{"damage_healed":0,"gold_gain":0,"cards_transformed":["Strike_P"],"player_choice":"Transformed","damage_taken":0,"max_hp_gain":0,"max_hp_loss":0,"event_name":"Transmorgrifier","floor":24,"gold_loss":0,"cards_obtained":["Tantrum"]},{"damage_healed":0,"gold_gain":0,"player_choice":"","damage_taken":0,"max_hp_gain":0,"max_hp_loss":0,"event_name":"betterNote:BetterNote","floor":27,"gold_loss":0,"cards_obtained":["None"]},{"damage_healed":0,"gold_gain":0,"player_choice":"Fight","damage_taken":0,"max_hp_gain":0,"max_hp_loss":0,"event_name":"Colosseum","floor":29,"gold_loss":0},{"damage_healed":0,"gold_gain":0,"player_choice":"Fled From Nobs","damage_taken":0,"max_hp_gain":0,"max_hp_loss":0,"event_name":"Colosseum","floor":29,"gold_loss":0}],"is_beta":false,"boss_relics":[{"not_picked":["Tiny House","reliquary:RedCape"],"picked":"Calling Bell"}],"items_purged_floors":[5,28],"is_endless":false,"potions_floor_spawned":[1,10,14,20,25,29,31],"killed_by":"Collector","ascension_level":10}