{"gold_per_floor":[10,29,29,29,45,45,72,72,72,82,98,98,114,145,145,221,221,232,0,11,27,27],"floor_reached":22,"playtime":1099,"items_purged":["Injury"],"score":396,"play_id":"7af4a224-7630-4c5d-9148-8d4530671f3b","local_time":"20230118135154","is_ascension_mode":true,"campfire_choices":[{"data":"Eruption","floor":6,"key":"SMITH"},{"data":"Pray","floor":8,"key":"SMITH"},{"floor":15,"key":"REST"}],"neow_cost":"CURSE","seed_source_timestamp":223386780141400,"circlet_count":0,"master_deck":["AscendersBane","Eruption+1","Vigilance","FollowUp","FollowUp","FollowUp","FollowUp","ThirdEye","ThirdEye","ThirdEye","CutThroughFate","EmptyMind","Pray+1","Worship","WindmillStrike","DevaForm","Prostrate","Prostrate","Adaptation","EmptyFist","Weave"],"relics":["PureWater","Singing Bowl","Mercury Hourglass","Kunai","Fusion Hammer"],"potions_floor_usage":[14,16],"damage_taken":[{"damage":0,"enemies":"2 Louse","floor":1,"turns":2},{"damage":5,"enemies":"Cultist","floor":2,"turns":3},{"damage":4,"enemies":"Jaw Worm","floor":5,"turns":2},{"damage":7,"enemies":"Gremlin Nob","floor":7,"turns":3},{"damage":4,"enemies":"Large Slime","floor":10,"turns":3},{"damage":0,"enemies":"Looter","floor":11,"turns":2},{"damage":14,"enemies":"Lots of Slimes","floor":13,"turns":3},{"damage":13,"enemies":"Lagavulin","floor":14,"turns":5},{"damage":14,"enemies":"Hexaghost","floor":16,"turns":6},{"damage":0,"enemies":"Spheric Guardian","floor":18,"turns":3},{"damage":19,"enemies":"Chosen","floor":20,"turns":6},{"damage":23,"enemies":"Centurion and Healer","floor":21,"turns":5},{"damage":29,"enemies":"Snake Plant","floor":22,"turns":2}],"seed_played":"-5586965472285016212","potions_obtained":[{"floor":2,"key":"StancePotion"},{"floor":5,"key":"BottledMiracle"}],"is_trial":false,"path_per_floor":["M","M","?","$","M","R","E","R","T","M","M","?","M","E","R","B",null,"M","$","M","M","M"],"character_chosen":"WATCHER","items_purchased":["Prostrate","Adaptation","EmptyFist"],"campfire_rested":1,"item_purchase_floors":[19,19,19],"current_hp_per_floor":[43,38,38,38,34,34,27,27,27,25,25,25,15,4,25,11,55,55,55,36,17,0],"gold":27,"neow_bonus":"WATCHER_SHAOLIN","is_prod":false,"is_daily":false,"chose_seed":false,"campfire_upgraded":2,"win_rate":0,"timestamp":1674067914,"path_taken":["M","M","?","$","M","R","E","R","T","M","?","?","M","E","R","BOSS","M","$","M","M","M"],"build_version":"2022-12-18","purchased_purges":1,"victory":false,"max_hp_per_floor":[62,62,62,62,62,62,62,62,62,64,64,64,68,70,70,70,70,70,70,70,74,74],"card_choices":[{"not_picked":["ClearTheMind","SashWhip"],"picked":"CutThroughFate","floor":1},{"not_picked":["Consecrate","ThirdEye"],"picked":"EmptyMind","floor":2},{"not_picked":["Mayhem","bad_spire:solution","bad_spire:spring"],"picked":"SKIP","floor":2},{"not_picked":["FollowUp","ThirdEye","Halt"],"picked":"SKIP","floor":5},{"not_picked":["EmptyBody","TalkToTheHand"],"picked":"Pray","floor":7},{"not_picked":["WreathOfFlame","FlurryOfBlows","Swivel"],"picked":"Singing Bowl","floor":10},{"not_picked":["Evaluate","Consecrate"],"picked":"Worship","floor":11},{"not_picked":["ThirdEye","ClearTheMind","EmptyMind"],"picked":"Singing Bowl","floor":13},{"not_picked":["bad_spire:descent","Bandage Up","bad_spire:flash"],"picked":"Singing Bowl","floor":13},{"not_picked":["Consecrate","Protect","BowlingBash"],"picked":"Singing Bowl","floor":14},{"not_picked":["LessonLearned","SpiritShield"],"picked":"DevaForm","floor":16},{"not_picked":["FearNoEvil","LikeWater"],"picked":"Prostrate","floor":18},{"not_picked":["Vengeance","CrushJoints"],"picked":"Weave","floor":20},{"not_picked":["SandsOfTime","PathToVictory","Worship"],"picked":"Singing Bowl","floor":21},{"not_picked":["bad_spire:momentum","bad_spire:cocoon","bad_spire:inspiration"],"picked":"Singing Bowl","floor":21}],"player_experience":1138600,"relics_obtained":[{"floor":7,"key":"Singing Bowl"},{"floor":9,"key":"Mercury Hourglass"},{"floor":14,"key":"Kunai"}],"event_choices":[{"damage_healed":0,"gold_gain":0,"player_choice":"0 cards matched","damage_taken":0,"max_hp_gain":0,"max_hp_loss":0,"event_name":"Match and Keep!","floor":3,"gold_loss":0,"cards_obtained":[]},{"damage_healed":0,"gold_gain":0,"cards_transformed":["ThirdEye"],"player_choice":"Change","damage_taken":0,"max_hp_gain":0,"max_hp_loss":0,"event_name":"Living Wall","floor":12,"gold_loss":0,"cards_obtained":["WindmillStrike"]}],"is_beta":false,"boss_relics":[{"not_picked":["Coffee Dripper","Pandora\u0027s Box"],"picked":"Fusion Hammer"}],"items_purged_floors":[19],"is_endless":false,"potions_floor_spawned":[2,5,10,11,13],"killed_by":"Snake Plant","ascension_level":20}