{"gold_per_floor":[112,6,21,39,49,79,103,128,128,128,139,139,139,156,156,257,257,269,281,298,4,4,4,29,29,29,29,29],"floor_reached":28,"playtime":1489,"items_purged":["Defend_P"],"score":410,"play_id":"8e2ba28d-af40-4db0-bfcb-0212b492f48f","local_time":"20230119200611","is_ascension_mode":true,"campfire_choices":[{"floor":13,"key":"REST"},{"floor":15,"key":"REST"},{"data":"Blasphemy","floor":23,"key":"SMITH"},{"data":"Vigilance","floor":25,"key":"SMITH"},{"floor":27,"key":"REST"}],"neow_cost":"TEN_PERCENT_HP_LOSS","seed_source_timestamp":103464534893200,"circlet_count":0,"master_deck":["AscendersBane","Strike_P","Strike_P","Strike_P","Strike_P","Defend_P","Eruption+1","Vigilance+1","CutThroughFate","TalkToTheHand","Prostrate","SandsOfTime","Brilliance","EmptyFist","Vengeance","Prostrate","ClearTheMind","InnerPeace","Blasphemy+1","Conclude","EmptyMind","Crescendo","Nirvana","Dark Shackles","CutThroughFate","Impervious"],"relics":["PureWater","Juzu Bracelet","Odd Mushroom","reliquary:PartyBalloon","reliquary:Spinner","reliquary:Ember","The Courier","TeardropLocket"],"potions_floor_usage":[6,14,16,18,28],"damage_taken":[{"damage":2,"enemies":"Small Slimes","floor":1,"turns":4},{"damage":0,"enemies":"Jaw Worm","floor":3,"turns":5},{"damage":0,"enemies":"Cultist","floor":4,"turns":4},{"damage":0,"enemies":"Large Slime","floor":5,"turns":3},{"damage":28,"enemies":"3 Sentries","floor":6,"turns":8},{"damage":18,"enemies":"The Mushroom Lair","floor":7,"turns":2},{"damage":0,"enemies":"Gremlin Nob","floor":8,"turns":2},{"damage":0,"enemies":"Gremlin Gang","floor":11,"turns":4},{"damage":10,"enemies":"Lots of Slimes","floor":14,"turns":3},{"damage":9,"enemies":"Slime Boss","floor":16,"turns":5},{"damage":0,"enemies":"Chosen","floor":18,"turns":4},{"damage":2,"enemies":"Spheric Guardian","floor":19,"turns":2},{"damage":12,"enemies":"Snecko","floor":20,"turns":4},{"damage":28,"enemies":"Gremlin Leader","floor":24,"turns":6},{"damage":20,"enemies":"Colosseum Slavers","floor":28,"turns":6},{"damage":100011,"enemies":"Colosseum Nobs","floor":28,"turns":3}],"seed_played":"-1241204178362840725","potions_obtained":[{"floor":3,"key":"FearPotion"},{"floor":11,"key":"LiquidMemories"},{"floor":14,"key":"Fire Potion"},{"floor":16,"key":"DistilledChaos"},{"floor":24,"key":"Dexterity Potion"}],"is_trial":false,"path_per_floor":["M","$","M","M","M","E","?","E","T","?","M","?","R","M","R","B",null,"M","M","M","$","?","R","E","R","T","R","?"],"character_chosen":"WATCHER","items_purchased":["TalkToTheHand","Prostrate","Nirvana","Dark Shackles","CutThroughFate"],"campfire_rested":3,"item_purchase_floors":[2,2,21,21,21],"current_hp_per_floor":[63,63,63,63,63,35,17,17,17,17,17,17,36,26,45,36,58,58,56,44,44,44,44,16,16,16,35,0],"gold":29,"neow_bonus":"REMOVE_TWO","is_prod":false,"is_daily":false,"chose_seed":false,"campfire_upgraded":2,"win_rate":0,"timestamp":1674176771,"path_taken":["M","$","M","M","M","E","?","E","T","?","M","?","R","M","R","BOSS","M","M","M","$","?","R","E","R","T","R","?"],"build_version":"2022-12-18","purchased_purges":1,"victory":false,"max_hp_per_floor":[65,65,65,65,65,65,65,65,65,65,65,65,65,65,65,65,65,65,65,65,65,65,65,65,65,65,65,65],"card_choices":[{"not_picked":["FlyingSleeves","Consecrate"],"picked":"CutThroughFate","floor":1},{"not_picked":["EmptyFist","Halt"],"picked":"SandsOfTime","floor":3},{"not_picked":["ClearTheMind","EmptyBody"],"picked":"Brilliance","floor":4},{"not_picked":["InnerPeace","BowlingBash"],"picked":"EmptyFist","floor":5},{"not_picked":["BowlingBash","WreathOfFlame","Study"],"picked":"SKIP","floor":6},{"not_picked":["PathToVictory","JustLucky"],"picked":"Vengeance","floor":7},{"not_picked":["DeusExMachina","SashWhip"],"picked":"Prostrate","floor":8},{"not_picked":["BowlingBash","PathToVictory"],"picked":"ClearTheMind","floor":11},{"not_picked":["Consecrate","PathToVictory"],"picked":"InnerPeace","floor":14},{"not_picked":["Omniscience","DevaForm"],"picked":"Blasphemy","floor":16},{"not_picked":["SashWhip","FollowUp"],"picked":"Conclude","floor":18},{"not_picked":["Vengeance","Evaluate"],"picked":"EmptyMind","floor":19},{"not_picked":["WreathOfFlame","Perseverance"],"picked":"Crescendo","floor":20},{"not_picked":["ClearTheMind","CutThroughFate","LikeWater+1"],"picked":"SKIP","floor":24}],"player_experience":1123801,"relics_obtained":[{"floor":6,"key":"Juzu Bracelet"},{"floor":7,"key":"Odd Mushroom"},{"floor":8,"key":"reliquary:PartyBalloon"},{"floor":9,"key":"reliquary:Spinner"},{"floor":24,"key":"The Courier"},{"floor":26,"key":"TeardropLocket"}],"event_choices":[{"damage_healed":0,"gold_gain":0,"player_choice":"Fought Mushrooms","damage_taken":0,"max_hp_gain":0,"max_hp_loss":0,"event_name":"Mushrooms","floor":7,"gold_loss":0},{"damage_healed":0,"gold_gain":0,"player_choice":"Upgraded","damage_taken":0,"max_hp_gain":0,"max_hp_loss":0,"event_name":"Upgrade Shrine","floor":10,"gold_loss":0,"cards_upgraded":["Eruption"]},{"damage_healed":0,"gold_gain":0,"player_choice":"Ignored","damage_taken":0,"max_hp_gain":0,"max_hp_loss":0,"event_name":"Liars Game","floor":12,"gold_loss":0},{"cards_removed":["Blasphemy"],"damage_healed":0,"gold_gain":0,"player_choice":"Take \u0026 Give","damage_taken":0,"max_hp_gain":0,"max_hp_loss":0,"event_name":"betterNote:BetterNote","floor":22,"gold_loss":0,"cards_obtained":["Impervious"]},{"damage_healed":0,"gold_gain":0,"player_choice":"Fight","damage_taken":0,"max_hp_gain":0,"max_hp_loss":0,"event_name":"Colosseum","floor":28,"gold_loss":0},{"damage_healed":0,"gold_gain":0,"player_choice":"Fought Nobs","damage_taken":0,"max_hp_gain":0,"max_hp_loss":0,"event_name":"Colosseum","floor":28,"gold_loss":0}],"is_beta":false,"boss_relics":[{"not_picked":["reliquary:WritOfMandamus","reliquary:Craggleroot"],"picked":"reliquary:Ember"}],"items_purged_floors":[21],"is_endless":false,"potions_floor_spawned":[3,11,14,16,24],"killed_by":"Colosseum Nobs","ascension_level":10}