{"gold_per_floor":[114,57,57,69,88,122,122,149,172,191,249,249,6,6,6,80,80,99,23,34,34,49,49,60,60,60,60],"floor_reached":27,"playtime":1107,"items_purged":["Defend_P"],"score":492,"play_id":"dbede5e4-b64e-491b-bde7-a73ea3c91e97","local_time":"20230122180503","is_ascension_mode":true,"campfire_choices":[{"data":"Eruption","floor":7,"key":"SMITH"},{"data":"SandsOfTime","floor":12,"key":"SMITH"},{"data":"Nirvana","floor":15,"key":"SMITH"},{"floor":23,"key":"REST"},{"floor":25,"key":"REST"}],"neow_cost":"NONE","seed_source_timestamp":355768686025100,"circlet_count":0,"master_deck":["AscendersBane","Strike_P","Strike_P","Strike_P","Strike_P","Defend_P","Defend_P","Eruption+1","Vigilance","Swivel","EmptyBody","Vault","SandsOfTime+1","Halt","BowlingBash","ThirdEye","CarveReality","Nirvana+1","Establishment","Consecrate","Pray","Protect","Sanctity","Tantrum"],"relics":["PureWater","MealTicket","Happy Flower","Damaru","Anchor","Mercury Hourglass","Sozu","Nilry\u0027s Codex","FossilizedHelix"],"potions_floor_usage":[6],"damage_taken":[{"damage":0,"enemies":"Small Slimes","floor":1,"turns":2},{"damage":0,"enemies":"Cultist","floor":4,"turns":4},{"damage":2,"enemies":"2 Louse","floor":5,"turns":3},{"damage":0,"enemies":"Gremlin Nob","floor":6,"turns":3},{"damage":15,"enemies":"Lagavulin","floor":8,"turns":8},{"damage":0,"enemies":"Looter","floor":10,"turns":2},{"damage":16,"enemies":"Lagavulin Event","floor":11,"turns":5},{"damage":15,"enemies":"The Guardian","floor":16,"turns":10},{"damage":23,"enemies":"2 Thieves","floor":18,"turns":4},{"damage":10,"enemies":"Shell Parasite","floor":20,"turns":5},{"damage":22,"enemies":"Snake Plant","floor":22,"turns":6},{"damage":12,"enemies":"Shelled Parasite and Fungi","floor":24,"turns":6},{"damage":37,"enemies":"Book of Stabbing","floor":27,"turns":4}],"seed_played":"-9039968816998896532","potions_obtained":[{"floor":1,"key":"Ancient Potion"},{"floor":4,"key":"LiquidMemories"}],"is_trial":false,"path_per_floor":["M","$","?","M","M","E","R","E","T","M","?","R","$","?","R","B",null,"M","$","M","?","M","R","M","R","T","E"],"character_chosen":"WATCHER","items_purchased":["EmptyBody","CarveReality","Nirvana","Pray"],"campfire_rested":2,"item_purchase_floors":[2,13,13,19],"current_hp_per_floor":[61,68,68,68,66,66,66,51,51,51,35,35,50,68,68,53,64,41,56,46,25,3,23,11,31,31,0],"gold":60,"neow_bonus":"RANDOM_COMMON_RELIC","is_prod":false,"is_daily":false,"chose_seed":false,"campfire_upgraded":3,"win_rate":0,"timestamp":1674428703,"path_taken":["M","$","?","M","?","E","R","E","T","M","?","R","$","?","R","BOSS","M","$","M","?","M","R","M","R","T","E"],"build_version":"2022-12-18","purchased_purges":1,"victory":false,"max_hp_per_floor":[68,68,68,68,68,68,68,68,68,68,68,68,68,68,68,68,68,68,68,68,68,68,68,68,68,68,68],"card_choices":[{"not_picked":["SashWhip","Consecrate"],"picked":"Swivel","floor":1},{"not_picked":["Swivel","DeceiveReality"],"picked":"SandsOfTime","floor":4},{"not_picked":["EmptyFist","Study"],"picked":"Halt","floor":5},{"not_picked":["JustLucky","Ragnarok"],"picked":"BowlingBash","floor":6},{"not_picked":["FearNoEvil","WaveOfTheHand"],"picked":"ThirdEye","floor":8},{"not_picked":["EmptyFist","SignatureMove","Indignation"],"picked":"SKIP","floor":10},{"not_picked":["ConjureBlade","Wish"],"picked":"Establishment","floor":16},{"not_picked":["FlurryOfBlows","TalkToTheHand"],"picked":"Consecrate","floor":18},{"not_picked":["Wireheading","JustLucky"],"picked":"Protect","floor":20},{"not_picked":["CrushJoints","Halt"],"picked":"Sanctity","floor":22},{"not_picked":["JustLucky","BowlingBash"],"picked":"Tantrum","floor":24}],"player_experience":1146054,"relics_obtained":[{"floor":6,"key":"Happy Flower"},{"floor":8,"key":"Damaru"},{"floor":9,"key":"Anchor"},{"floor":11,"key":"Mercury Hourglass"},{"floor":21,"key":"Nilry\u0027s Codex"},{"floor":26,"key":"FossilizedHelix"}],"event_choices":[{"damage_healed":0,"gold_gain":0,"cards_transformed":["Defend_P"],"player_choice":"Transformed","damage_taken":0,"max_hp_gain":0,"max_hp_loss":0,"event_name":"Transmorgrifier","floor":3,"gold_loss":0,"cards_obtained":["Vault"]},{"damage_healed":0,"gold_gain":0,"player_choice":"Searched \u00272\u0027 times","damage_taken":0,"max_hp_gain":0,"max_hp_loss":0,"event_name":"Dead Adventurer","floor":11,"gold_loss":0},{"damage_healed":22,"gold_gain":0,"player_choice":"Banana","damage_taken":0,"max_hp_gain":0,"max_hp_loss":0,"event_name":"Big Fish","floor":14,"gold_loss":0},{"damage_healed":0,"gold_gain":0,"player_choice":"Obtained Book","damage_taken":21,"max_hp_gain":0,"max_hp_loss":0,"event_name":"Cursed Tome","floor":21,"gold_loss":0}],"is_beta":false,"boss_relics":[{"not_picked":["Fusion Hammer","Runic Dome"],"picked":"Sozu"}],"items_purged_floors":[13],"is_endless":false,"potions_floor_spawned":[1,4,20],"killed_by":"Book of Stabbing","ascension_level":20}