{"gold_per_floor":[118,149,167,187,206,206,240,251,251,251,251],"floor_reached":11,"playtime":504,"items_purged":[],"score":116,"play_id":"28009d5a-47a1-4694-874d-9c5823cc01c9","local_time":"20230119151604","is_ascension_mode":true,"campfire_choices":[{"data":"Eruption","floor":6,"key":"SMITH"},{"data":"Adaptation","floor":10,"key":"SMITH"}],"neow_cost":"TEN_PERCENT_HP_LOSS","seed_source_timestamp":87039438329100,"circlet_count":0,"master_deck":["AscendersBane","Strike_P","Strike_P","Strike_P","Strike_P","Defend_P","Defend_P","Eruption+1","Vigilance","ForeignInfluence","Halt","EmptyMind","Crescendo","FlurryOfBlows","FollowUp","EmptyFist","Adaptation+1"],"relics":["PureWater","reliquary:PartyBalloon","Torii"],"potions_floor_usage":[4,11],"damage_taken":[{"damage":0,"enemies":"Cultist","floor":1,"turns":2},{"damage":7,"enemies":"Jaw Worm","floor":2,"turns":2},{"damage":0,"enemies":"2 Louse","floor":3,"turns":2},{"damage":0,"enemies":"Large Slime","floor":4,"turns":2},{"damage":11,"enemies":"Blue Slaver","floor":5,"turns":2},{"damage":10,"enemies":"Gremlin Nob","floor":7,"turns":3},{"damage":13,"enemies":"Exordium Thugs","floor":8,"turns":4},{"damage":24,"enemies":"3 Sentries","floor":11,"turns":3}],"seed_played":"-6968216872913796246","potions_obtained":[{"floor":3,"key":"AttackPotion"},{"floor":8,"key":"BottledMiracle"}],"is_trial":false,"path_per_floor":["M","M","M","M","M","R","E","M","T","R","E"],"character_chosen":"WATCHER","items_purchased":[],"campfire_rested":0,"item_purchase_floors":[],"current_hp_per_floor":[65,58,58,58,47,47,37,24,24,24,0],"gold":251,"neow_bonus":"TRANSFORM_TWO_CARDS","is_prod":false,"is_daily":false,"chose_seed":false,"campfire_upgraded":2,"win_rate":0,"timestamp":1674159364,"path_taken":["M","M","M","M","?","R","E","M","T","R","E"],"build_version":"2022-12-18","purchased_purges":0,"victory":false,"max_hp_per_floor":[65,65,65,65,65,65,65,65,65,65,65],"card_choices":[{"not_picked":["ThirdEye","JustLucky"],"picked":"EmptyMind","floor":1},{"not_picked":["WreathOfFlame","Prostrate"],"picked":"Crescendo","floor":2},{"not_picked":["Crescendo","BowlingBash","ConjureBlade"],"picked":"SKIP","floor":3},{"not_picked":["Swivel","SashWhip"],"picked":"FlurryOfBlows","floor":4},{"not_picked":["Prostrate","Protect"],"picked":"FollowUp","floor":5},{"not_picked":["WaveOfTheHand","Halt"],"picked":"EmptyFist","floor":7},{"not_picked":["TalkToTheHand","JustLucky"],"picked":"Adaptation","floor":8}],"player_experience":1121337,"relics_obtained":[{"floor":7,"key":"reliquary:PartyBalloon"},{"floor":9,"key":"Torii"}],"event_choices":[],"is_beta":false,"boss_relics":[],"items_purged_floors":[],"is_endless":false,"potions_floor_spawned":[3,8],"killed_by":"3 Sentries","ascension_level":10}