{"gold_per_floor":[116,130,146,158,158,158,184,184,184,2,22,51,70,88,88,165,165,184,184,184,16,16,16,49,68,68,68],"floor_reached":27,"playtime":1031,"items_purged":["Strike_P"],"score":486,"play_id":"1be6370f-da2f-45a3-9043-018c59da3e84","local_time":"20230204165031","is_ascension_mode":true,"campfire_choices":[{"data":"Eruption","floor":6,"key":"SMITH"},{"data":"MentalFortress","floor":15,"key":"SMITH"},{"data":"FlurryOfBlows","floor":23,"key":"SMITH"}],"neow_cost":"NONE","seed_source_timestamp":150344022857200,"circlet_count":0,"master_deck":["AscendersBane","Strike_P","Strike_P","Strike_P","Defend_P","Defend_P","Defend_P","Eruption+1","Vigilance","Indignation","Wallop","Vengeance","MentalFortress+1","ThirdEye","FlurryOfBlows+1","ClearTheMind","Conclude","ThirdEye","FlurryOfBlows","EmptyBody","Ragnarok","JustLucky+1","Necronomicurse","LikeWater","Weave+1","LikeWater","MentalFortress"],"relics":["PureWater","NeowsBlessing","Strawberry","Bronze Scales","Eternal Feather","Runic Pyramid","Necronomicon","Peace Pipe","Orichalcum"],"potions_floor_usage":[7,14],"damage_taken":[{"damage":0,"enemies":"Cultist","floor":1,"turns":1},{"damage":0,"enemies":"Small Slimes","floor":2,"turns":1},{"damage":0,"enemies":"2 Louse","floor":3,"turns":1},{"damage":5,"enemies":"Blue Slaver","floor":4,"turns":5},{"damage":4,"enemies":"Lagavulin","floor":7,"turns":6},{"damage":5,"enemies":"Gremlin Gang","floor":11,"turns":4},{"damage":13,"enemies":"3 Sentries","floor":12,"turns":5},{"damage":4,"enemies":"Looter","floor":13,"turns":2},{"damage":13,"enemies":"Large Slime","floor":14,"turns":3},{"damage":36,"enemies":"Hexaghost","floor":16,"turns":9},{"damage":2,"enemies":"Spheric Guardian","floor":18,"turns":4},{"damage":11,"enemies":"Book of Stabbing","floor":24,"turns":3},{"damage":17,"enemies":"2 Thieves","floor":25,"turns":3},{"damage":42,"enemies":"Shelled Parasite and Fungi","floor":27,"turns":1}],"seed_played":"5749980560617139778","potions_obtained":[{"floor":2,"key":"AttackPotion"},{"floor":3,"key":"Weak Potion"},{"floor":24,"key":"LiquidBronze"}],"is_trial":false,"path_per_floor":["M","M","M","M","?","R","E","?","T","$","M","E","M","M","R","B",null,"M","?","?","$","?","R","E","M","T","M"],"character_chosen":"WATCHER","items_purchased":["FlurryOfBlows","ClearTheMind","LikeWater","Weave"],"campfire_rested":0,"item_purchase_floors":[10,10,21,21],"current_hp_per_floor":[61,61,61,56,49,49,52,75,75,75,70,57,53,40,52,16,60,58,37,37,37,37,52,41,24,24,0],"gold":68,"neow_bonus":"THREE_ENEMY_KILL","is_prod":false,"is_daily":false,"chose_seed":false,"campfire_upgraded":3,"win_rate":0,"timestamp":1675547431,"path_taken":["M","M","M","M","?","R","E","?","T","$","M","E","M","M","R","BOSS","M","?","?","$","?","R","E","M","T","M"],"build_version":"2022-12-18","purchased_purges":1,"victory":false,"max_hp_per_floor":[68,68,68,68,68,68,75,75,75,75,75,75,75,75,75,75,75,75,75,75,75,75,75,75,75,75,75],"card_choices":[{"not_picked":["FollowUp","Crescendo"],"picked":"Indignation","floor":1},{"not_picked":["Collect","Consecrate"],"picked":"Wallop","floor":2},{"not_picked":["DeceiveReality","ClearTheMind"],"picked":"Vengeance","floor":3},{"not_picked":["WreathOfFlame","Swivel"],"picked":"MentalFortress","floor":4},{"not_picked":["FollowUp","CutThroughFate"],"picked":"ThirdEye","floor":7},{"not_picked":["PathToVictory","CutThroughFate"],"picked":"Conclude","floor":11},{"not_picked":["InnerPeace","Swivel"],"picked":"ThirdEye","floor":12},{"not_picked":["Worship","FlyingSleeves"],"picked":"FlurryOfBlows","floor":13},{"not_picked":["Prostrate","SashWhip"],"picked":"EmptyBody","floor":14},{"not_picked":["MasterReality","Alpha"],"picked":"Ragnarok","floor":16},{"not_picked":["Consecrate","Study"],"picked":"JustLucky+1","floor":18},{"not_picked":["WaveOfTheHand","WindmillStrike+1"],"picked":"LikeWater","floor":24},{"not_picked":["CutThroughFate","Pray"],"picked":"MentalFortress","floor":25}],"player_experience":1249355,"relics_obtained":[{"floor":7,"key":"Strawberry"},{"floor":9,"key":"Bronze Scales"},{"floor":12,"key":"Eternal Feather"},{"floor":19,"key":"Necronomicon"},{"floor":24,"key":"Peace Pipe"},{"floor":26,"key":"Orichalcum"}],"event_choices":[{"cards_removed":["Defend_P"],"damage_healed":0,"gold_gain":0,"player_choice":"Card Removal","damage_taken":7,"max_hp_gain":0,"max_hp_loss":0,"event_name":"Golden Wing","floor":5,"gold_loss":0},{"damage_healed":25,"gold_gain":0,"player_choice":"Banana","damage_taken":0,"max_hp_gain":0,"max_hp_loss":0,"event_name":"Big Fish","floor":8,"gold_loss":0},{"damage_healed":0,"gold_gain":0,"player_choice":"Obtained Book","damage_taken":21,"max_hp_gain":0,"max_hp_loss":0,"event_name":"Cursed Tome","floor":19,"gold_loss":0},{"damage_healed":0,"gold_gain":0,"player_choice":"Ignored","damage_taken":0,"max_hp_gain":0,"max_hp_loss":0,"event_name":"Vampires","floor":20,"gold_loss":0},{"damage_healed":0,"gold_gain":0,"player_choice":"Upgraded","damage_taken":0,"max_hp_gain":0,"max_hp_loss":0,"event_name":"Upgrade Shrine","floor":22,"gold_loss":0,"cards_upgraded":["Weave"]}],"is_beta":false,"boss_relics":[{"not_picked":["Fusion Hammer","Tiny House"],"picked":"Runic Pyramid"}],"items_purged_floors":[10],"is_endless":false,"potions_floor_spawned":[2,3,4,24],"killed_by":"Shelled Parasite and Fungi","ascension_level":20}