{"gold_per_floor":[117,26,26,44,144,144,163,163,209,223,223,22,53,66,66,165,165,176,55,72,48,48,73,73,87,87,104,120,146,166,183,183,286,286,297,307,40,53,3,3,3],"floor_reached":41,"playtime":3187,"items_purged":["Defend_P","PathToVictory","JustLucky","JustLucky"],"score":460,"play_id":"574fc961-32f8-4475-94c1-7a7ebc5f2839","local_time":"20230205171356","is_ascension_mode":false,"campfire_choices":[{"data":"Adaptation","floor":6,"key":"SMITH"},{"data":"EmptyFist","floor":8,"key":"SMITH"},{"data":"Vigilance","floor":11,"key":"SMITH"},{"data":"LikeWater","floor":15,"key":"SMITH"},{"floor":24,"key":"REST"},{"floor":32,"key":"REST"},{"data":"FlurryOfBlows","floor":40,"key":"SMITH"}],"neow_cost":"NONE","seed_source_timestamp":235968187914100,"circlet_count":0,"master_deck":["Eruption+1","Vigilance+1","Wallop+1","Adaptation+1","Halt","FlurryOfBlows+1","EmptyFist+1","CutThroughFate","Consecrate+1","EmptyMind","FlurryOfBlows","LikeWater+1","Ragnarok","Wish","BowlingBash","Crescendo","DevaForm","Tantrum","EmptyBody","SpiritShield+1","Wireheading+1","ClearTheMind","Weave","Evaluate+1","Fasting2+1","SandsOfTime","FearNoEvil","SashWhip","MentalFortress","MentalFortress"],"relics":["PureWater","Smiling Mask","Regal Pillow","Whetstone","Pandora\u0027s Box","Dream Catcher","White Beast Statue","Bottled Flame","Busted Crown","Lee\u0027s Waffle"],"potions_floor_usage":[7,16,18,29,31],"damage_taken":[{"damage":1,"enemies":"Cultist","floor":1,"turns":6},{"damage":0,"enemies":"2 Louse","floor":4,"turns":2},{"damage":0,"enemies":"Jaw Worm","floor":7,"turns":1},{"damage":0,"enemies":"Large Slime","floor":10,"turns":7},{"damage":0,"enemies":"3 Sentries","floor":13,"turns":5},{"damage":1,"enemies":"Gremlin Gang","floor":14,"turns":3},{"damage":20,"enemies":"The Guardian","floor":16,"turns":14},{"damage":8,"enemies":"Shell Parasite","floor":18,"turns":3},{"damage":0,"enemies":"Chosen","floor":20,"turns":3},{"damage":20,"enemies":"Slavers","floor":23,"turns":2},{"damage":6,"enemies":"Sentry and Sphere","floor":25,"turns":3},{"damage":22,"enemies":"Snecko","floor":27,"turns":3},{"damage":5,"enemies":"Shelled Parasite and Fungi","floor":28,"turns":5},{"damage":18,"enemies":"Book of Stabbing","floor":29,"turns":5},{"damage":0,"enemies":"Cultist and Chosen","floor":30,"turns":5},{"damage":0,"enemies":"Sentry and Sphere","floor":31,"turns":2},{"damage":21,"enemies":"Collector","floor":33,"turns":8},{"damage":15,"enemies":"Orb Walker","floor":35,"turns":2},{"damage":11,"enemies":"3 Shapes","floor":36,"turns":5},{"damage":21,"enemies":"Spire Growth","floor":38,"turns":4},{"damage":93,"enemies":"Nemesis","floor":41,"turns":2}],"seed_played":"-1367176728852049398","potions_obtained":[{"floor":4,"key":"Fire Potion"},{"floor":10,"key":"Weak Potion"},{"floor":16,"key":"ColorlessPotion"},{"floor":20,"key":"Energy Potion"},{"floor":27,"key":"FearPotion"},{"floor":28,"key":"Strength Potion"},{"floor":29,"key":"BlessingOfTheForge"},{"floor":31,"key":"SteroidPotion"}],"is_trial":false,"path_per_floor":["M","$","?","M","?","R","M","R","T","M","R","$","E","M","R","B",null,"M","$","M","$","?","E","R","M","T","M","M","E","M","M","R","B",null,"M","M","$","M","$","R","E"],"character_chosen":"WATCHER","items_purchased":["Adaptation","Halt","JustLucky","Consecrate","EmptyMind","SpiritShield","ClearTheMind","MentalFortress","Lee\u0027s Waffle"],"campfire_rested":2,"item_purchase_floors":[2,2,12,12,12,19,21,37,37],"current_hp_per_floor":[71,71,71,71,71,71,71,71,71,71,71,71,71,70,70,50,72,64,64,64,64,64,44,72,66,66,44,39,21,21,21,57,36,72,57,46,79,58,58,58,0],"gold":3,"neow_bonus":"RANDOM_COMMON_RELIC","is_prod":false,"is_daily":false,"chose_seed":false,"campfire_upgraded":5,"win_rate":0,"timestamp":1675635236,"path_taken":["M","$","?","M","?","R","M","R","T","M","R","$","E","M","R","BOSS","M","$","M","$","?","E","R","M","T","M","M","E","M","M","R","BOSS","M","M","$","?","?","R","E"],"build_version":"2022-12-18","purchased_purges":4,"victory":false,"max_hp_per_floor":[72,72,72,72,72,72,72,72,72,72,72,72,72,72,72,72,72,72,72,72,72,72,72,72,72,72,72,72,72,72,72,72,72,72,72,72,79,79,79,79,79],"card_choices":[{"not_picked":["PathToVictory","Prostrate"],"picked":"Wallop","floor":1},{"not_picked":["Adaptation","ReachHeaven"],"picked":"FlurryOfBlows","floor":4},{"not_picked":["FollowUp","EmptyBody"],"picked":"EmptyFist","floor":7},{"not_picked":["ClearTheMind","Halt"],"picked":"CutThroughFate","floor":10},{"not_picked":["Vengeance","CrushJoints"],"picked":"FlurryOfBlows","floor":13},{"not_picked":["TalkToTheHand","BowlingBash"],"picked":"LikeWater","floor":14},{"not_picked":["ConjureBlade","Scrawl"],"picked":"Ragnarok","floor":16},{"not_picked":["SashWhip","Tantrum+1"],"picked":"EmptyBody","floor":18},{"not_picked":["Wallop","PathToVictory"],"picked":"Wireheading+1","floor":20},{"not_picked":["TalkToTheHand","FollowUp"],"picked":"Weave","floor":23},{"not_picked":["Collect","Study"],"picked":"Evaluate+1","floor":25},{"not_picked":["JustLucky","Prostrate"],"picked":"Fasting2+1","floor":27},{"not_picked":["CutThroughFate","Wish","WaveOfTheHand+1"],"picked":"SKIP","floor":28},{"not_picked":["JustLucky","EmptyFist"],"picked":"SandsOfTime","floor":29},{"not_picked":["Halt","SignatureMove"],"picked":"FearNoEvil","floor":30},{"not_picked":["CutThroughFate","InnerPeace","Protect"],"picked":"SKIP","floor":31},{"not_picked":["Tantrum","ClearTheMind+1"],"picked":"SashWhip","floor":32},{"not_picked":["ForeignInfluence"],"picked":"SKIP","floor":35},{"not_picked":["EmptyBody"],"picked":"SKIP","floor":36},{"not_picked":[],"picked":"MentalFortress","floor":38}],"player_experience":1251396,"relics_obtained":[{"floor":9,"key":"Regal Pillow"},{"floor":13,"key":"Whetstone"},{"floor":23,"key":"Dream Catcher"},{"floor":26,"key":"White Beast Statue"},{"floor":29,"key":"Bottled Flame"}],"event_choices":[{"damage_healed":0,"gold_gain":0,"player_choice":"Grow","damage_taken":0,"max_hp_gain":0,"max_hp_loss":0,"event_name":"Living Wall","floor":3,"gold_loss":0,"cards_upgraded":["Eruption"]},{"damage_healed":0,"gold_gain":100,"player_choice":"Gold","damage_taken":0,"max_hp_gain":0,"max_hp_loss":0,"event_name":"Wheel of Change","floor":5,"gold_loss":0},{"damage_healed":0,"gold_gain":0,"player_choice":"Upgraded","damage_taken":0,"max_hp_gain":0,"max_hp_loss":0,"event_name":"Upgrade Shrine","floor":22,"gold_loss":0,"cards_upgraded":["SpiritShield"]}],"is_beta":false,"boss_relics":[{"not_picked":["Ectoplasm","Black Star"],"picked":"Pandora\u0027s Box"},{"not_picked":["Fusion Hammer","SacredBark"],"picked":"Busted Crown"}],"items_purged_floors":[12,19,37,39],"is_endless":false,"potions_floor_spawned":[4,10,16,20,27,28,29,30,31,33,35,36,38],"killed_by":"Nemesis","ascension_level":0}