{"gold_per_floor":[117,20,37,55,68,68,101,4,4,24,37,53,70,95,95,190,190,200,215,88,100,100,135,135,151,174,174,190,219,319,345,345,448,448,463,482,492,503,521,546,546,563,563,581,581,596,67,67,67,67],"floor_reached":51,"playtime":2838,"items_purged":["Defend_P","Defend_P","Strike_P"],"score":837,"play_id":"a1efec24-1857-4a09-9d3b-b1c56456155d","local_time":"20230218012451","is_ascension_mode":false,"campfire_choices":[{"data":"Eruption","floor":6,"key":"SMITH"},{"data":"FlurryOfBlows","floor":15,"key":"SMITH"},{"data":"Weave","floor":24,"key":"SMITH"},{"data":"Judgement","floor":32,"key":"SMITH"},{"data":"EmptyBody","floor":41,"key":"SMITH"},{"floor":49,"key":"RECALL"}],"neow_cost":"NONE","seed_source_timestamp":251386837697900,"circlet_count":0,"master_deck":["Strike_P+1","Strike_P+1","Strike_P+1","Defend_P+1","Defend_P+1","Eruption+1","Vigilance+1","Weave+1","FlurryOfBlows+1","Consecrate+1","WheelKick+1","JustLucky+1","Vengeance+1","WaveOfTheHand+1","EmptyBody+1","FlurryOfBlows+1","FlurryOfBlows+1","FearNoEvil+1","Nirvana+1","Swivel+1","Blasphemy+1","JustLucky+1","Judgement+1","CutThroughFate+1","ThirdEye+1","Offering+1","EmptyFist+1","TalkToTheHand+1","ClearTheMind+1","Adaptation+1"],"relics":["PureWater","NeowsBlessing","Meat on the Bone","FossilizedHelix","CaptainsWheel","Runic Pyramid","Kunai","Omamori","Bronze Scales","CloakClasp","Singing Bowl","Whetstone","Coffee Dripper","Shuriken","Ornamental Fan","ClockworkSouvenir","Yang","Mark of the Bloom"],"potions_floor_usage":[7,11,16,16,23,33,50],"damage_taken":[{"damage":0,"enemies":"2 Louse","floor":1,"turns":1},{"damage":0,"enemies":"Cultist","floor":3,"turns":1},{"damage":0,"enemies":"Small Slimes","floor":4,"turns":1},{"damage":0,"enemies":"Exordium Wildlife","floor":5,"turns":2},{"damage":7,"enemies":"3 Sentries","floor":7,"turns":5},{"damage":0,"enemies":"3 Louse","floor":10,"turns":2},{"damage":0,"enemies":"Gremlin Gang","floor":11,"turns":2},{"damage":0,"enemies":"2 Fungi Beasts","floor":12,"turns":3},{"damage":0,"enemies":"Large Slime","floor":13,"turns":3},{"damage":0,"enemies":"Gremlin Nob","floor":14,"turns":3},{"damage":60,"enemies":"Hexaghost","floor":16,"turns":5},{"damage":0,"enemies":"Shell Parasite","floor":18,"turns":3},{"damage":0,"enemies":"Spheric Guardian","floor":19,"turns":3},{"damage":0,"enemies":"Centurion and Healer","floor":21,"turns":4},{"damage":0,"enemies":"Book of Stabbing","floor":23,"turns":3},{"damage":0,"enemies":"Cultist and Chosen","floor":25,"turns":4},{"damage":0,"enemies":"Snake Plant","floor":28,"turns":3},{"damage":0,"enemies":"Gremlin Leader","floor":29,"turns":2},{"damage":0,"enemies":"Colosseum Slavers","floor":30,"turns":2},{"damage":0,"enemies":"Colosseum Nobs","floor":30,"turns":3},{"damage":14,"enemies":"Automaton","floor":33,"turns":7},{"damage":0,"enemies":"3 Darklings","floor":35,"turns":3},{"damage":0,"enemies":"Orb Walker","floor":36,"turns":2},{"damage":0,"enemies":"Transient","floor":37,"turns":5},{"damage":14,"enemies":"Jaw Worm Horde","floor":38,"turns":3},{"damage":25,"enemies":"Writhing Mass","floor":39,"turns":6},{"damage":6,"enemies":"Nemesis","floor":40,"turns":3},{"damage":0,"enemies":"Transient","floor":42,"turns":5},{"damage":6,"enemies":"Jaw Worm Horde","floor":44,"turns":3},{"damage":0,"enemies":"3 Darklings","floor":46,"turns":3},{"damage":7,"enemies":"Awakened One","floor":50,"turns":8}],"seed_played":"493706336392747034","potions_obtained":[{"floor":1,"key":"Strength Potion"},{"floor":3,"key":"Regen Potion"},{"floor":5,"key":"ColorlessPotion"},{"floor":7,"key":"Explosive Potion"},{"floor":18,"key":"Weak Potion"},{"floor":23,"key":"Fire Potion"},{"floor":28,"key":"Block Potion"},{"floor":33,"key":"Dexterity Potion"},{"floor":36,"key":"FearPotion"},{"floor":42,"key":"StancePotion"}],"is_trial":false,"path_per_floor":["M","$","M","M","M","R","E","$","T","M","M","M","M","E","R","B",null,"M","M","$","M","?","E","R","M","T","?","M","E","?","T","R","B",null,"M","M","M","M","M","E","R","M","T","M","?","M","$","?","R","B",null],"character_chosen":"WATCHER","basemod:card_modifiers":[null,null,null,null,null,null,null,null,null,null,null,null,null,null,null,null,null,null,null,null,null,null,null,null,null,null,null,null,null,null],"items_purchased":["FlurryOfBlows","Consecrate","EmptyBody","CutThroughFate","ClockworkSouvenir","Yang"],"campfire_rested":0,"item_purchase_floors":[2,2,8,20,47,47],"current_hp_per_floor":[72,72,72,72,72,72,65,65,65,65,65,65,65,65,65,29,72,72,72,72,72,72,72,72,72,72,72,72,72,74,74,74,62,76,78,80,82,68,45,53,53,53,53,49,71,73,73,73,73,66],"gold":67,"neow_bonus":"THREE_ENEMY_KILL","is_prod":false,"is_daily":false,"chose_seed":false,"campfire_upgraded":5,"win_rate":0,"timestamp":1676701491,"path_taken":["M","$","M","M","M","R","E","$","T","M","M","M","M","E","R","BOSS","M","M","$","M","?","E","R","M","T","?","?","E","?","?","R","BOSS","M","M","M","?","M","E","R","M","T","M","?","M","$","?","R","BOSS"],"build_version":"2022-12-18","purchased_purges":3,"victory":true,"max_hp_per_floor":[72,72,72,72,72,72,72,72,72,72,72,72,72,72,72,72,72,72,72,72,72,72,72,72,72,72,72,72,72,74,74,74,76,76,78,80,82,82,84,86,86,86,86,88,88,90,90,90,90,90],"card_choices":[{"not_picked":["Halt","Consecrate"],"picked":"Weave","floor":1},{"not_picked":["Worship","FollowUp"],"picked":"WheelKick","floor":3},{"not_picked":["Halt","Crescendo"],"picked":"JustLucky","floor":4},{"not_picked":["Prostrate","Collect"],"picked":"Vengeance","floor":5},{"not_picked":["DeceiveReality","Vengeance"],"picked":"WaveOfTheHand","floor":7},{"not_picked":["BowlingBash","WaveOfTheHand"],"picked":"FlurryOfBlows","floor":10},{"not_picked":["Protect","FearNoEvil"],"picked":"FlurryOfBlows","floor":11},{"not_picked":["Crescendo","Conclude"],"picked":"FearNoEvil","floor":12},{"not_picked":["SashWhip","JustLucky"],"picked":"Nirvana","floor":13},{"not_picked":["ConjureBlade","PathToVictory"],"picked":"Swivel","floor":14},{"not_picked":["Devotion","Establishment"],"picked":"Blasphemy","floor":16},{"not_picked":["EmptyBody","FollowUp"],"picked":"JustLucky","floor":18},{"not_picked":["CrushJoints+1","SashWhip"],"picked":"Judgement","floor":19},{"not_picked":["Protect","WaveOfTheHand"],"picked":"ThirdEye","floor":21},{"not_picked":["SashWhip","WaveOfTheHand"],"picked":"EmptyFist","floor":23},{"not_picked":["Halt","Evaluate","Alpha"],"picked":"SKIP","floor":25},{"not_picked":["BowlingBash","Crescendo"],"picked":"TalkToTheHand","floor":28},{"not_picked":["SignatureMove","WheelKick","ClearTheMind"],"picked":"SKIP","floor":29},{"not_picked":["CrushJoints","FollowUp","Consecrate"],"picked":"Singing Bowl","floor":30},{"not_picked":["Omniscience","ConjureBlade","MasterReality"],"picked":"Singing Bowl","floor":33},{"not_picked":["ThirdEye+1","SashWhip+1","SandsOfTime"],"picked":"Singing Bowl","floor":35},{"not_picked":["FlyingSleeves","Swivel","FlurryOfBlows"],"picked":"Singing Bowl","floor":36},{"not_picked":["BowlingBash+1","BattleHymn","CutThroughFate+1"],"picked":"Singing Bowl","floor":37},{"not_picked":["Nirvana+1","TalkToTheHand+1"],"picked":"ClearTheMind+1","floor":38},{"not_picked":["EmptyFist","Protect","Consecrate+1"],"picked":"Singing Bowl","floor":39},{"not_picked":["Protect","Wallop+1","CrushJoints+1"],"picked":"Singing Bowl","floor":40},{"not_picked":["Protect+1","FlurryOfBlows"],"picked":"Adaptation+1","floor":42},{"not_picked":["Devotion","WindmillStrike+1","JustLucky+1"],"picked":"Singing Bowl","floor":44},{"not_picked":["EmptyBody","Vengeance","Fasting2+1"],"picked":"Singing Bowl","floor":46}],"player_experience":1289053,"relics_obtained":[{"floor":7,"key":"Meat on the Bone"},{"floor":9,"key":"FossilizedHelix"},{"floor":14,"key":"CaptainsWheel"},{"floor":23,"key":"Kunai"},{"floor":26,"key":"Omamori"},{"floor":29,"key":"Bronze Scales"},{"floor":30,"key":"CloakClasp"},{"floor":30,"key":"Singing Bowl"},{"floor":31,"key":"Whetstone"},{"floor":40,"key":"Shuriken"},{"floor":43,"key":"Ornamental Fan"}],"event_choices":[{"cards_removed":["Blasphemy"],"damage_healed":0,"gold_gain":0,"player_choice":"Take \u0026 Give","damage_taken":0,"max_hp_gain":0,"max_hp_loss":0,"event_name":"betterNote:BetterNote","floor":22,"gold_loss":0,"cards_obtained":["Offering"]},{"damage_healed":0,"gold_gain":0,"player_choice":"Ignored","damage_taken":0,"max_hp_gain":0,"max_hp_loss":0,"event_name":"Ghosts","floor":27,"gold_loss":0},{"damage_healed":0,"gold_gain":0,"player_choice":"Fight","damage_taken":0,"max_hp_gain":0,"max_hp_loss":0,"event_name":"Colosseum","floor":30,"gold_loss":0},{"damage_healed":0,"gold_gain":0,"player_choice":"Fought Nobs","damage_taken":0,"max_hp_gain":0,"max_hp_loss":0,"event_name":"Colosseum","floor":30,"gold_loss":0},{"damage_healed":22,"gold_gain":0,"player_choice":"Writhe","damage_taken":0,"max_hp_gain":0,"max_hp_loss":0,"event_name":"Winding Halls","floor":45,"gold_loss":0,"cards_obtained":["Writhe"]},{"damage_healed":0,"gold_gain":0,"player_choice":"Upgrade","damage_taken":0,"relics_obtained":["Mark of the Bloom"],"max_hp_gain":0,"max_hp_loss":0,"event_name":"MindBloom","floor":48,"gold_loss":0,"cards_upgraded":["Strike_P","Strike_P","Strike_P","Defend_P","Defend_P","Vigilance","Consecrate","WheelKick","Vengeance","WaveOfTheHand","FlurryOfBlows","FearNoEvil","Nirvana","Swivel","Blasphemy","JustLucky","CutThroughFate","ThirdEye","Offering","EmptyFist","TalkToTheHand"]}],"is_beta":false,"boss_relics":[{"not_picked":["Calling Bell","Runic Dome"],"picked":"Runic Pyramid"},{"not_picked":["Philosopher\u0027s Stone","SlaversCollar"],"picked":"Coffee Dripper"}],"items_purged_floors":[8,20,47],"is_endless":false,"potions_floor_spawned":[1,3,5,7,18,23,28,30,33,36,38,40,42,44,46],"ascension_level":0}