{"gold_per_floor":[111,131,146,162,22,22,48,48,93,103,103,9,23,36,36,138,138,148,162,132,143,158,158,11,11,84,84,94,108,120,146,146,243,243,260,279,279,279],"floor_reached":38,"playtime":2516,"items_purged":["Defend_P"],"score":427,"play_id":"dbb63b53-3a34-4808-b212-b7851a5508f9","local_time":"20230302084508","is_ascension_mode":false,"campfire_choices":[{"data":"Eruption","floor":6,"key":"SMITH"},{"data":"Crescendo","floor":8,"key":"SMITH"},{"data":"Blasphemy","floor":15,"key":"SMITH"},{"floor":23,"key":"REST"},{"floor":25,"key":"REST"},{"floor":32,"key":"REST"}],"neow_cost":"NONE","seed_source_timestamp":1314917473655800,"circlet_count":0,"master_deck":["Strike_P","Strike_P","Strike_P","Strike_P","Defend_P","Defend_P","Defend_P","Eruption+1","Vigilance","EmptyFist","ThirdEye","CutThroughFate","FlurryOfBlows","Nirvana","JustLucky","Crescendo+1","Halt+1","EmptyMind","Adaptation","Consecrate","FearNoEvil","Blasphemy+1","SpiritShield","DeceiveReality+1","Judgement","FlurryOfBlows","ThirdEye","BowlingBash+1","MentalFortress","DevaForm"],"relics":["HolyWater","Regal Pillow","StrikeDummy","Toy Ornithopter","Fusion Hammer","TeardropLocket","Strawberry"],"potions_floor_usage":[7,16,31,33,33,33,33],"damage_taken":[{"damage":0,"enemies":"2 Louse","floor":1,"turns":2},{"damage":0,"enemies":"Cultist","floor":2,"turns":2},{"damage":0,"enemies":"Small Slimes","floor":3,"turns":4},{"damage":0,"enemies":"Blue Slaver","floor":4,"turns":3},{"damage":0,"enemies":"Gremlin Nob","floor":7,"turns":2},{"damage":0,"enemies":"2 Fungi Beasts","floor":10,"turns":3},{"damage":15,"enemies":"Exordium Wildlife","floor":13,"turns":2},{"damage":9,"enemies":"Gremlin Gang","floor":14,"turns":3},{"damage":3,"enemies":"Hexaghost","floor":16,"turns":7},{"damage":0,"enemies":"Spheric Guardian","floor":18,"turns":3},{"damage":2,"enemies":"Chosen","floor":19,"turns":3},{"damage":18,"enemies":"Snake Plant","floor":21,"turns":6},{"damage":27,"enemies":"Shelled Parasite and Fungi","floor":22,"turns":7},{"damage":0,"enemies":"3 Cultists","floor":28,"turns":4},{"damage":17,"enemies":"Snake Plant","floor":29,"turns":3},{"damage":5,"enemies":"Cultist and Chosen","floor":30,"turns":6},{"damage":11,"enemies":"Gremlin Leader","floor":31,"turns":7},{"damage":72,"enemies":"Automaton","floor":33,"turns":13},{"damage":17,"enemies":"3 Darklings","floor":35,"turns":4},{"damage":9,"enemies":"3 Shapes","floor":36,"turns":5},{"damage":56,"enemies":"Jaw Worm Horde","floor":38,"turns":2}],"seed_played":"7829746318881197465","potions_obtained":[{"floor":3,"key":"AttackPotion"},{"floor":4,"key":"FearPotion"},{"floor":10,"key":"Dexterity Potion"},{"floor":14,"key":"FearPotion"},{"floor":19,"key":"Energy Potion"},{"floor":20,"key":"EntropicBrew"},{"floor":20,"key":"Dexterity Potion"},{"floor":33,"key":"SpeedPotion"}],"is_trial":false,"path_per_floor":["M","M","M","M","$","R","E","R","T","M","?","$","M","M","R","B",null,"M","M","?","M","M","R","$","R","T","?","M","M","M","E","R","B",null,"M","M","?","M"],"character_chosen":"WATCHER","basemod:card_modifiers":[null,null,null,null,null,null,null,null,null,null,null,null,null,null,null,null,null,null,null,null,null,null,null,null,null,null,null,null,null,null],"items_purchased":["Nirvana","JustLucky","Crescendo","Adaptation","Consecrate","FlurryOfBlows","ThirdEye"],"campfire_rested":3,"item_purchase_floors":[5,5,5,12,12,24,24],"current_hp_per_floor":[72,72,72,72,72,72,72,72,72,72,72,72,57,48,48,50,72,72,70,70,52,25,61,61,72,72,72,72,55,50,51,79,8,79,62,53,53,0],"gold":279,"neow_bonus":"RANDOM_COMMON_RELIC","is_prod":false,"is_daily":false,"chose_seed":false,"campfire_upgraded":3,"win_rate":0,"timestamp":1677764708,"path_taken":["M","M","M","M","$","R","E","R","T","M","?","$","M","?","R","BOSS","M","M","?","M","M","R","$","R","T","?","?","M","?","E","R","BOSS","M","M","?","M"],"build_version":"2022-12-18","purchased_purges":1,"victory":false,"max_hp_per_floor":[72,72,72,72,72,72,72,72,72,72,72,72,72,72,72,72,72,72,72,72,72,72,72,72,72,72,72,72,72,72,79,79,79,79,79,79,79,79],"card_choices":[{"not_picked":["SashWhip","Halt"],"picked":"EmptyFist","floor":1},{"not_picked":["EmptyBody","WheelKick"],"picked":"ThirdEye","floor":2},{"not_picked":["EmptyFist","CrushJoints"],"picked":"CutThroughFate","floor":3},{"not_picked":["EmptyBody","FlyingSleeves"],"picked":"FlurryOfBlows","floor":4},{"not_picked":["Vengeance","Evaluate"],"picked":"Halt","floor":7},{"not_picked":["BattleHymn","EmptyBody"],"picked":"EmptyMind","floor":10},{"not_picked":["BowlingBash","Protect"],"picked":"FearNoEvil","floor":13},{"not_picked":["Prostrate","Conclude"],"picked":"Blasphemy","floor":14},{"not_picked":["Brilliance","DevaForm"],"picked":"SpiritShield","floor":16},{"not_picked":["SashWhip","Study+1","ForeignInfluence"],"picked":"SKIP","floor":18},{"not_picked":["SignatureMove","LikeWater+1"],"picked":"DeceiveReality+1","floor":19},{"not_picked":["WreathOfFlame","EmptyFist","PathToVictory"],"picked":"SKIP","floor":21},{"not_picked":["Protect","PathToVictory"],"picked":"Judgement","floor":22},{"not_picked":["ThirdEye","Conclude"],"picked":"BowlingBash+1","floor":28},{"not_picked":["Wish","Worship"],"picked":"MentalFortress","floor":29},{"not_picked":["MentalFortress","Collect","FollowUp+1"],"picked":"SKIP","floor":30},{"not_picked":["Pray","Collect","Crescendo+1"],"picked":"SKIP","floor":31},{"not_picked":["SpiritShield","ConjureBlade"],"picked":"DevaForm","floor":33},{"not_picked":["Evaluate","Protect+1","Prostrate+1"],"picked":"SKIP","floor":35},{"not_picked":["DeceiveReality","Evaluate+1","EmptyBody+1"],"picked":"SKIP","floor":36}],"player_experience":1302554,"relics_obtained":[{"floor":7,"key":"StrikeDummy"},{"floor":9,"key":"Toy Ornithopter"},{"floor":26,"key":"TeardropLocket"},{"floor":31,"key":"Strawberry"}],"event_choices":[{"damage_healed":0,"gold_gain":0,"player_choice":"Upgraded","damage_taken":0,"max_hp_gain":0,"max_hp_loss":0,"event_name":"Upgrade Shrine","floor":11,"gold_loss":0,"cards_upgraded":["Halt"]},{"damage_healed":0,"gold_gain":0,"player_choice":"Bought 2 Potions","damage_taken":0,"max_hp_gain":0,"max_hp_loss":0,"event_name":"The Woman in Blue","floor":20,"gold_loss":0},{"damage_healed":0,"gold_gain":0,"player_choice":"Ignored","damage_taken":0,"max_hp_gain":0,"max_hp_loss":0,"event_name":"betterNote:BetterNote","floor":27,"gold_loss":0,"cards_obtained":["Defend_R"]},{"damage_healed":0,"gold_gain":0,"player_choice":"Ignored","damage_taken":0,"max_hp_gain":0,"max_hp_loss":0,"event_name":"Tomb of Lord Red Mask","floor":37,"gold_loss":0}],"is_beta":false,"boss_relics":[{"not_picked":["Cursed Key","Black Star"],"picked":"Fusion Hammer"},{"not_picked":["Runic Dome","Empty Cage"],"picked":"HolyWater"}],"items_purged_floors":[24],"is_endless":false,"potions_floor_spawned":[3,4,10,14,19,21,29,33],"killed_by":"Jaw Worm Horde","ascension_level":0}