{"gold_per_floor":[116,129,141,160,160,192,211,211,292,292,311,24,57,76,76,171,171,184,184,197,197,197,197,216,216,241,241,275,39,58,93,93,93],"floor_reached":33,"playtime":1626,"items_purged":["Defend_P","Strike_P"],"score":338,"play_id":"1a597fcb-1405-4c69-a4b1-37d5060759f1","local_time":"20230324220715","is_ascension_mode":true,"campfire_choices":[{"floor":8,"key":"REST"},{"floor":15,"key":"REST"},{"data":"Eruption","floor":23,"key":"SMITH"},{"floor":27,"key":"REST"},{"floor":32,"key":"REST"}],"neow_cost":"PERCENT_DAMAGE","seed_source_timestamp":846521183756000,"circlet_count":0,"master_deck":["Strike_P","Strike_P","Strike_P+1","Defend_P+1","Defend_P","Eruption+1","Vigilance","EmptyFist","TalkToTheHand","Halt","CutThroughFate","EmptyMind","Prostrate","FlurryOfBlows","Prostrate","Protect","Purity","BowlingBash","ThirdEye","DeusExMachina","Conclude+1","Indignation","Consecrate","Juggernaut","FlurryOfBlows","Prostrate","TalkToTheHand","Brilliance"],"relics":["PureWater","Ginger","Damaru","StrikeDummy","Pocketwatch","Runic Dome","Oddly Smooth Stone","Boot","Juzu Bracelet"],"potions_floor_usage":[3,14,33],"damage_taken":[{"damage":3,"enemies":"Cultist","floor":1,"turns":4},{"damage":0,"enemies":"2 Louse","floor":2,"turns":2},{"damage":11,"enemies":"Jaw Worm","floor":3,"turns":2},{"damage":2,"enemies":"Blue Slaver","floor":4,"turns":3},{"damage":4,"enemies":"Gremlin Nob","floor":6,"turns":3},{"damage":2,"enemies":"Exordium Wildlife","floor":7,"turns":6},{"damage":0,"enemies":"2 Fungi Beasts","floor":11,"turns":3},{"damage":0,"enemies":"Lagavulin","floor":13,"turns":5},{"damage":0,"enemies":"Lots of Slimes","floor":14,"turns":3},{"damage":26,"enemies":"The Guardian","floor":16,"turns":9},{"damage":4,"enemies":"Chosen","floor":18,"turns":4},{"damage":11,"enemies":"2 Thieves","floor":20,"turns":3},{"damage":16,"enemies":"Centurion and Healer","floor":24,"turns":2},{"damage":9,"enemies":"Book of Stabbing","floor":28,"turns":3},{"damage":8,"enemies":"Snecko","floor":30,"turns":3},{"damage":27,"enemies":"Slavers","floor":31,"turns":4},{"damage":39,"enemies":"Collector","floor":33,"turns":3}],"seed_played":"5957843010354719564","potions_obtained":[{"floor":2,"key":"Swift Potion"},{"floor":4,"key":"SmokeBomb"},{"floor":11,"key":"BottledMiracle"},{"floor":28,"key":"Ancient Potion"},{"floor":31,"key":"PowerPotion"}],"is_trial":false,"path_per_floor":["M","M","M","M","?","E","M","R","T","?","M","$","E","M","R","B",null,"M","?","M","?","?","R","M","?","T","R","E","$","M","E","R","B"],"character_chosen":"WATCHER","basemod:card_modifiers":[null,null,null,null,null,null,null,null,null,null,null,null,null,null,null,null,null,null,null,null,null,null,null,null,null,null,null,null],"items_purchased":["FlurryOfBlows","Prostrate","Protect","Purity","Brilliance"],"campfire_rested":4,"item_purchase_floors":[12,12,12,12,29],"current_hp_per_floor":[48,48,37,35,21,17,15,36,36,36,36,36,36,36,57,31,72,68,68,57,57,57,57,41,41,41,62,53,53,45,18,39,0],"gold":93,"neow_bonus":"ONE_RARE_RELIC","is_prod":false,"is_daily":false,"chose_seed":false,"campfire_upgraded":1,"win_rate":0,"timestamp":1679710035,"path_taken":["M","?","?","M","?","E","M","R","T","?","M","$","E","M","R","BOSS","M","?","M","?","?","R","?","?","T","R","E","?","M","E","R","BOSS"],"build_version":"2022-12-18","purchased_purges":2,"victory":false,"max_hp_per_floor":[72,72,72,72,72,72,72,72,72,72,72,72,72,72,72,72,72,72,72,72,72,72,72,72,72,72,72,72,72,72,72,72,72],"card_choices":[{"not_picked":["ThirdEye","Study"],"picked":"EmptyFist","floor":1},{"not_picked":["EmptyBody","PathToVictory"],"picked":"TalkToTheHand","floor":2},{"not_picked":["PathToVictory","EmptyFist","WaveOfTheHand"],"picked":"SKIP","floor":3},{"not_picked":["Prostrate","FlyingSleeves"],"picked":"Halt","floor":4},{"not_picked":["LessonLearned","FollowUp"],"picked":"CutThroughFate","floor":6},{"not_picked":["PathToVictory","FlyingSleeves"],"picked":"EmptyMind","floor":7},{"not_picked":["EmptyFist","FlurryOfBlows"],"picked":"Prostrate","floor":11},{"not_picked":["WreathOfFlame","FollowUp"],"picked":"BowlingBash","floor":13},{"not_picked":["Protect","Ragnarok"],"picked":"ThirdEye","floor":14},{"not_picked":["LessonLearned","Omniscience"],"picked":"DeusExMachina","floor":16},{"not_picked":["SashWhip","Crescendo"],"picked":"Conclude+1","floor":18},{"not_picked":["ThirdEye","Collect"],"picked":"Indignation","floor":20},{"not_picked":["CarveReality+1","EmptyBody"],"picked":"FlurryOfBlows","floor":24},{"not_picked":["Crescendo","Nirvana+1"],"picked":"TalkToTheHand","floor":28},{"not_picked":["Evaluate","Fasting2","SashWhip"],"picked":"SKIP","floor":30},{"not_picked":["Swivel","EmptyBody","Halt"],"picked":"SKIP","floor":31}],"player_experience":1329074,"relics_obtained":[{"floor":6,"key":"Damaru"},{"floor":9,"key":"StrikeDummy"},{"floor":13,"key":"Pocketwatch"},{"floor":26,"key":"Oddly Smooth Stone"},{"floor":28,"key":"Boot"},{"floor":31,"key":"Juzu Bracelet"}],"event_choices":[{"damage_healed":0,"gold_gain":0,"player_choice":"Entered Light","damage_taken":14,"max_hp_gain":0,"max_hp_loss":0,"event_name":"Shining Light","floor":5,"gold_loss":0,"cards_upgraded":["Defend_P","Strike_P"]},{"damage_healed":0,"gold_gain":0,"player_choice":"Ignored","damage_taken":0,"max_hp_gain":0,"max_hp_loss":0,"event_name":"Golden Idol","floor":10,"gold_loss":0},{"damage_healed":0,"gold_gain":0,"player_choice":"Ignored","damage_taken":0,"max_hp_gain":0,"max_hp_loss":0,"event_name":"N\u0027loth","floor":19,"gold_loss":0},{"damage_healed":0,"gold_gain":0,"cards_transformed":["Defend_P"],"player_choice":"Transformed","damage_taken":0,"max_hp_gain":0,"max_hp_loss":0,"event_name":"Transmorgrifier","floor":21,"gold_loss":0,"cards_obtained":["Consecrate"]},{"cards_removed":["DeusExMachina"],"damage_healed":0,"gold_gain":0,"player_choice":"Take \u0026 Give","damage_taken":0,"max_hp_gain":0,"max_hp_loss":0,"event_name":"betterNote:BetterNote","floor":22,"gold_loss":0,"cards_obtained":["Juggernaut"]},{"damage_healed":0,"gold_gain":0,"player_choice":"Read","damage_taken":0,"max_hp_gain":0,"max_hp_loss":0,"event_name":"The Library","floor":25,"gold_loss":0,"cards_obtained":["Prostrate"]}],"is_beta":false,"boss_relics":[{"not_picked":["Tiny House","Sozu"],"picked":"Runic Dome"}],"items_purged_floors":[12,29],"is_endless":false,"potions_floor_spawned":[2,4,11,28,31],"killed_by":"Collector","ascension_level":1}