{"gold_per_floor":[118,135,149,167,167,167,186,221,221,254,273,273,273,36,36,165,165,181,200,23,44,67,106,206,247,317,330,371,371,9,44,44,164,164,180,193,193,193,43,87,87,105,105,31,62,62,97,110,110,110],"floor_reached":51,"playtime":2972,"items_purged":["Defend_P","Strike_P","Defend_P","Defend_P"],"score":1230,"play_id":"2780a435-d400-4e2e-86bd-7db1003aa056","local_time":"20230324225709","is_ascension_mode":true,"campfire_choices":[{"data":"Eruption","floor":6,"key":"SMITH"},{"floor":13,"key":"REST"},{"floor":15,"key":"REST"},{"floor":32,"key":"REST"},{"floor":41,"key":"REST"},{"floor":46,"key":"REST"},{"floor":49,"key":"RECALL"}],"neow_cost":"NONE","seed_source_timestamp":848167201810700,"circlet_count":0,"master_deck":["Strike_P","Strike_P","Strike_P","Defend_P","Eruption+1","Vigilance","FearNoEvil","Crescendo","Meditate","Consecrate","CutThroughFate","FollowUp","Adaptation+1","Wallop","Apotheosis","Judgement","LikeWater+1","MentalFortress+1","MentalFortress+1","DeusExMachina","Master of Strategy","EmptyMind","FlurryOfBlows+1","DeusExMachina","Study+1","InnerPeace+1","Fasting2+1"],"relics":["PureWater","NeowsBlessing","Golden Idol","Frozen Egg 2","CloakClasp","Singing Bowl","Fusion Hammer","Turnip","Bag of Preparation","Pantograph","WingedGreaves","StrikeDummy","Black Star","Mummified Hand","Potion Belt","Omamori","TeardropLocket","Gremlin Horn","Bottled Lightning","StoneCalendar"],"potions_floor_usage":[7,23,35,45,45,50,50],"damage_taken":[{"damage":0,"enemies":"Cultist","floor":1,"turns":1},{"damage":0,"enemies":"2 Louse","floor":2,"turns":1},{"damage":0,"enemies":"Jaw Worm","floor":3,"turns":1},{"damage":9,"enemies":"3 Louse","floor":4,"turns":5},{"damage":8,"enemies":"Gremlin Gang","floor":7,"turns":3},{"damage":16,"enemies":"Lagavulin","floor":8,"turns":6},{"damage":15,"enemies":"3 Sentries","floor":10,"turns":6},{"damage":8,"enemies":"Lots of Slimes","floor":11,"turns":3},{"damage":0,"enemies":"The Guardian","floor":16,"turns":8},{"damage":0,"enemies":"Chosen","floor":18,"turns":3},{"damage":0,"enemies":"Spheric Guardian","floor":19,"turns":1},{"damage":0,"enemies":"3 Cultists","floor":21,"turns":3},{"damage":0,"enemies":"Chosen and Byrds","floor":22,"turns":5},{"damage":6,"enemies":"Book of Stabbing","floor":23,"turns":4},{"damage":0,"enemies":"Gremlin Leader","floor":25,"turns":4},{"damage":0,"enemies":"Centurion and Healer","floor":27,"turns":5},{"damage":4,"enemies":"Book of Stabbing","floor":28,"turns":4},{"damage":0,"enemies":"Gremlin Leader","floor":31,"turns":4},{"damage":0,"enemies":"Champ","floor":33,"turns":6},{"damage":7,"enemies":"Orb Walker","floor":35,"turns":3},{"damage":21,"enemies":"3 Darklings","floor":36,"turns":3},{"damage":0,"enemies":"Giant Head","floor":40,"turns":5},{"damage":0,"enemies":"Maw","floor":42,"turns":5},{"damage":14,"enemies":"Nemesis","floor":45,"turns":3},{"damage":0,"enemies":"Giant Head","floor":47,"turns":3},{"damage":0,"enemies":"Jaw Worm Horde","floor":48,"turns":1},{"damage":0,"enemies":"Donu and Deca","floor":50,"turns":5}],"seed_played":"3602362539083705526","potions_obtained":[{"floor":2,"key":"Regen Potion"},{"floor":3,"key":"Ancient Potion"},{"floor":11,"key":"Ancient Potion"},{"floor":19,"key":"GamblersBrew"},{"floor":27,"key":"SkillPotion"},{"floor":36,"key":"Swift Potion"},{"floor":42,"key":"GamblersBrew"},{"floor":47,"key":"DistilledChaos"},{"floor":48,"key":"Swift Potion"}],"is_trial":false,"path_per_floor":["M","M","M","M","?","R","M","E","T","E","M","?","R","$","R","B",null,"M","M","$","M","M","E","?","E","T","M","E","?","$","E","R","B",null,"M","M","?","?","$","E","R","M","T","$","E","R","E","M","R","B",null],"character_chosen":"WATCHER","basemod:card_modifiers":[null,null,null,null,null,null,null,null,null,null,null,null,null,null,null,null,null,null,null,null,null,null,null,null,null,null,null],"items_purchased":["Apotheosis","LikeWater+1","Master of Strategy","EmptyMind","Fasting2+1"],"campfire_rested":5,"item_purchase_floors":[14,20,30,30,44],"current_hp_per_floor":[72,72,72,63,45,45,46,30,30,15,7,7,28,28,49,49,72,74,76,76,78,78,72,72,74,74,76,74,74,74,76,86,88,88,83,62,62,62,62,62,89,91,91,91,79,94,96,98,98,98],"gold":110,"neow_bonus":"THREE_ENEMY_KILL","is_prod":false,"is_daily":false,"chose_seed":false,"campfire_upgraded":1,"win_rate":0,"timestamp":1679713029,"path_taken":["M","M","M","M","?","R","M","E","T","E","M","?","R","$","R","BOSS","M","M","$","?","M","E","?","E","T","M","E","?","$","E","R","BOSS","M","?","?","?","$","E","R","M","T","$","E","R","E","M","R","BOSS"],"build_version":"2022-12-18","purchased_purges":4,"victory":true,"max_hp_per_floor":[72,72,72,72,72,72,72,72,72,72,72,72,72,72,72,72,72,74,76,76,78,78,78,78,80,80,82,84,84,84,86,86,88,88,90,90,90,90,90,90,90,92,92,92,94,94,96,98,98,98],"card_choices":[{"not_picked":["EmptyFist","PathToVictory"],"picked":"FearNoEvil","floor":1},{"not_picked":["ThirdEye","Halt"],"picked":"Crescendo","floor":2},{"not_picked":["ForeignInfluence","SashWhip"],"picked":"Meditate","floor":3},{"not_picked":["Devotion","Evaluate"],"picked":"Consecrate","floor":4},{"not_picked":["EmptyFist","FlurryOfBlows"],"picked":"CutThroughFate","floor":7},{"not_picked":["Consecrate","Evaluate"],"picked":"FollowUp","floor":8},{"not_picked":["FlyingSleeves","BowlingBash"],"picked":"Adaptation+1","floor":10},{"not_picked":["Consecrate","FlurryOfBlows"],"picked":"Wallop","floor":11},{"not_picked":["ConjureBlade","Omniscience"],"picked":"Judgement","floor":16},{"not_picked":["CrushJoints","EmptyFist","FollowUp"],"picked":"Singing Bowl","floor":18},{"not_picked":["Perseverance","Alpha","Halt+1"],"picked":"Singing Bowl","floor":19},{"not_picked":["EmptyBody+1","Prostrate","FollowUp"],"picked":"Singing Bowl","floor":21},{"not_picked":["TalkToTheHand+1","FollowUp"],"picked":"MentalFortress+1","floor":22},{"not_picked":["Weave","Evaluate"],"picked":"MentalFortress+1","floor":23},{"not_picked":["Protect","Consecrate+1","LessonLearned"],"picked":"Singing Bowl","floor":25},{"not_picked":["Study+1","ClearTheMind","FearNoEvil"],"picked":"Singing Bowl","floor":27},{"not_picked":["BowlingBash","EmptyBody","Wallop"],"picked":"Singing Bowl","floor":28},{"not_picked":["JustLucky","DevaForm+1","Collect"],"picked":"Singing Bowl","floor":31},{"not_picked":["Devotion+1","Alpha","Establishment+1"],"picked":"Singing Bowl","floor":33},{"not_picked":["ReachHeaven","Meditate+1","PathToVictory"],"picked":"Singing Bowl","floor":35},{"not_picked":["FlyingSleeves","TalkToTheHand+1"],"picked":"FlurryOfBlows+1","floor":36},{"not_picked":["Judgement","Swivel+1"],"picked":"InnerPeace+1","floor":40},{"not_picked":["ClearTheMind+1","FollowUp","WindmillStrike+1"],"picked":"Singing Bowl","floor":42},{"not_picked":["Sanctity+1","EmptyFist+1","ForeignInfluence"],"picked":"Singing Bowl","floor":45},{"not_picked":["Wallop","Evaluate","Indignation+1"],"picked":"Singing Bowl","floor":47},{"not_picked":["FlyingSleeves+1","CrushJoints","EmptyFist"],"picked":"Singing Bowl","floor":48}],"player_experience":1330700,"relics_obtained":[{"floor":8,"key":"Frozen Egg 2"},{"floor":9,"key":"CloakClasp"},{"floor":10,"key":"Singing Bowl"},{"floor":23,"key":"Turnip"},{"floor":25,"key":"Bag of Preparation"},{"floor":26,"key":"Pantograph"},{"floor":28,"key":"WingedGreaves"},{"floor":31,"key":"StrikeDummy"},{"floor":40,"key":"Mummified Hand"},{"floor":40,"key":"Potion Belt"},{"floor":43,"key":"Omamori"},{"floor":45,"key":"TeardropLocket"},{"floor":45,"key":"Gremlin Horn"},{"floor":47,"key":"Bottled Lightning"},{"floor":47,"key":"StoneCalendar"}],"event_choices":[{"damage_healed":0,"gold_gain":0,"player_choice":"Take Damage","damage_taken":18,"relics_obtained":["Golden Idol"],"max_hp_gain":0,"max_hp_loss":0,"event_name":"Golden Idol","floor":5,"gold_loss":0},{"damage_healed":0,"gold_gain":0,"player_choice":"Leave","damage_taken":0,"max_hp_gain":0,"max_hp_loss":0,"event_name":"FaceTrader","floor":12,"gold_loss":0},{"damage_healed":0,"gold_gain":100,"player_choice":"Pray","damage_taken":0,"max_hp_gain":0,"max_hp_loss":0,"event_name":"Golden Shrine","floor":24,"gold_loss":0},{"cards_removed":["Apotheosis"],"damage_healed":0,"gold_gain":0,"player_choice":"Take \u0026 Give","damage_taken":0,"max_hp_gain":0,"max_hp_loss":0,"event_name":"betterNote:BetterNote","floor":29,"gold_loss":0,"cards_obtained":["DeusExMachina"]},{"damage_healed":0,"gold_gain":0,"player_choice":"Ignored","damage_taken":0,"max_hp_gain":0,"max_hp_loss":0,"event_name":"Tomb of Lord Red Mask","floor":37,"gold_loss":0},{"damage_healed":0,"gold_gain":0,"player_choice":"2 cards matched","damage_taken":0,"max_hp_gain":0,"max_hp_loss":0,"event_name":"Match and Keep!","floor":38,"gold_loss":0,"cards_obtained":["DeusExMachina","Study"]}],"is_beta":false,"boss_relics":[{"not_picked":["Busted Crown","Cursed Key"],"picked":"Fusion Hammer"},{"not_picked":["Velvet Choker","SlaversCollar"],"picked":"Black Star"}],"items_purged_floors":[14,20,30,39],"is_endless":false,"potions_floor_spawned":[2,3,11,19,21,27,28,36,42,47,48],"ascension_level":1}