{"gold_per_floor":[117,131,231,12,30,49,78,91,118,149,149,166,166,201,201,304,304,323,90,101,111,126,160,170,170,170,188,41,68,68,96,96,191,191,211,48,48,48,64,92,92,52,75,91,123,73,104,117,117,117,117,117,13,45,45],"floor_reached":55,"playtime":3936,"items_purged":["Defend_P","Strike_P","Defend_P","Strike_P"],"score":1274,"play_id":"3dbaab24-7cb6-446c-8d83-f7056a774f17","local_time":"20230512220906","is_ascension_mode":true,"campfire_choices":[{"data":"Prostrate","floor":11.0,"key":"SMITH"},{"data":"Eruption","floor":15.0,"key":"SMITH"},{"data":"Prostrate","floor":25.0,"key":"SMITH"},{"data":"Vault","floor":30.0,"key":"SMITH"},{"data":"BowlingBash","floor":32.0,"key":"SMITH"},{"floor":41.0,"key":"DIG"},{"floor":49,"key":"RECALL"},{"floor":52,"key":"DIG"}],"neow_cost":"NONE","seed_source_timestamp":26215730959300,"circlet_count":0,"master_deck":["Strike_P","Defend_P","Defend_P","Eruption+1","Vigilance","Prostrate+1","ThirdEye","FearNoEvil","Prostrate+1","BowlingBash+1","Consecrate","FlurryOfBlows","ReachHeaven+1","WheelKick+1","FlyingSleeves+1","EmptyFist+1","JustLucky+1","Vault+1","Wallop+1","FlurryOfBlows+1","Tantrum+1","FlurryOfBlows+1","Prostrate+1","Ragnarok+1","Adaptation+1","Worship","ForeignInfluence"],"special_seed":0,"relics":["PureWater","Molten Egg 2","Happy Flower","Bronze Scales","Smiling Mask","VioletLotus","Pantograph","Darkstone Periapt","PreservedInsect","Shuriken","Ornamental Fan","Runic Pyramid","Shovel","Pen Nib","Du-Vu Doll","Orichalcum","Yang","Strawberry"],"potions_floor_usage":[44,50,50,50,54,55],"damage_taken":[{"damage":0.0,"enemies":"Jaw Worm","floor":1.0,"turns":2.0},{"damage":0.0,"enemies":"Cultist","floor":2.0,"turns":2.0},{"damage":0.0,"enemies":"Small Slimes","floor":5.0,"turns":3.0},{"damage":0.0,"enemies":"3 Louse","floor":6.0,"turns":3.0},{"damage":2.0,"enemies":"3 Sentries","floor":7.0,"turns":5.0},{"damage":0.0,"enemies":"Lots of Slimes","floor":8.0,"turns":1.0},{"damage":1.0,"enemies":"Lagavulin","floor":10.0,"turns":5.0},{"damage":0.0,"enemies":"Red Slaver","floor":12.0,"turns":1.0},{"damage":12.0,"enemies":"Gremlin Nob","floor":14.0,"turns":3.0},{"damage":0.0,"enemies":"Slime Boss","floor":16.0,"turns":4.0},{"damage":0.0,"enemies":"Shell Parasite","floor":18.0,"turns":4.0},{"damage":0.0,"enemies":"Chosen","floor":20.0,"turns":2.0},{"damage":0.0,"enemies":"3 Cultists","floor":21.0,"turns":3.0},{"damage":2.0,"enemies":"Chosen and Byrds","floor":22.0,"turns":3.0},{"damage":29.0,"enemies":"Book of Stabbing","floor":23.0,"turns":4.0},{"damage":2.0,"enemies":"Centurion and Healer","floor":24.0,"turns":2.0},{"damage":0.0,"enemies":"Snecko","floor":27.0,"turns":2.0},{"damage":0.0,"enemies":"Slavers","floor":29.0,"turns":3.0},{"damage":0.0,"enemies":"Gremlin Leader","floor":31.0,"turns":2.0},{"damage":0.0,"enemies":"Collector","floor":33.0,"turns":7.0},{"damage":41.0,"enemies":"3 Shapes","floor":35.0,"turns":4.0},{"damage":0.0,"enemies":"3 Darklings","floor":39.0,"turns":2.0},{"damage":0.0,"enemies":"Reptomancer","floor":40.0,"turns":4.0},{"damage":10,"enemies":"Spire Growth","floor":44,"turns":3},{"damage":0,"enemies":"Giant Head","floor":45,"turns":3},{"damage":0,"enemies":"Reptomancer","floor":47,"turns":2},{"damage":0,"enemies":"Jaw Worm Horde","floor":48,"turns":3},{"damage":39,"enemies":"Donu and Deca","floor":50,"turns":3},{"damage":0,"enemies":"Shield and Spear","floor":54,"turns":2},{"damage":84,"enemies":"The Heart","floor":55,"turns":3}],"seed_played":"-460276749225972731","potions_obtained":[{"floor":0.0,"key":"Regen Potion"},{"floor":0.0,"key":"LiquidMemories"},{"floor":0.0,"key":"Strength Potion"},{"floor":14.0,"key":"Explosive Potion"},{"floor":20.0,"key":"Explosive Potion"},{"floor":21.0,"key":"EssenceOfSteel"},{"floor":23.0,"key":"Ambrosia"},{"floor":27.0,"key":"SteroidPotion"},{"floor":33.0,"key":"Fruit Juice"},{"floor":39.0,"key":"AttackPotion"},{"floor":40.0,"key":"Strength Potion"},{"floor":48,"key":"ColorlessPotion"}],"is_trial":false,"path_per_floor":["M","M","?","$","M","M","E","M","T","E","R","M","?","E","R","B",null,"M","$","M","M","M","E","M","R","T","M","$","E","R","E","R","B",null,"M","$","?","?","M","E","R","?","T","M","E","$","E","M","R","B",null,"R","$","E","B"],"character_chosen":"WATCHER","basemod:card_modifiers":[[{"classname":"CardAugments.cardmods.uncommon.PreparedMod","modifiedBase":false,"priority":0}],[{"classname":"CardAugments.cardmods.common.ChargedMod","priority":0}],[{"classname":"CardAugments.cardmods.common.SupplyMod","priority":0}],[{"classname":"CardAugments.cardmods.common.FlyingMod","priority":0}],[{"classname":"CardAugments.cardmods.rare.RunicMod","priority":0}],[{"classname":"CardAugments.cardmods.common.ReshuffleMod","priority":0}],[{"classname":"CardAugments.cardmods.common.HolyMod","priority":0}],[{"classname":"CardAugments.cardmods.uncommon.PredatoryMod","priority":0}],[{"classname":"CardAugments.cardmods.common.StickyMod","priority":0}],[{"classname":"CardAugments.cardmods.common.StreamlinedMod","priority":0}],[{"classname":"CardAugments.cardmods.common.FlyingMod","priority":0}],[{"classname":"CardAugments.cardmods.common.QuickMod","priority":0}],[{"classname":"CardAugments.cardmods.uncommon.WallopMod","priority":0}],[{"classname":"CardAugments.cardmods.common.ReshuffleMod","priority":0}],[{"classname":"CardAugments.cardmods.common.StreamlinedMod","priority":0}],[{"classname":"CardAugments.cardmods.rare.FragileMod","priority":0}],[{"classname":"CardAugments.cardmods.uncommon.BlurryMod","priority":0}],[{"classname":"CardAugments.cardmods.common.StickyMod","priority":0}],[{"classname":"CardAugments.cardmods.uncommon.EruptingMod","priority":0}],[{"classname":"CardAugments.cardmods.rare.BlasphemousMod","modMagic":false,"priority":0}],[{"classname":"CardAugments.cardmods.uncommon.PureMod","priority":0}],[{"classname":"CardAugments.cardmods.common.FollowUpMod","priority":0}],[{"classname":"CardAugments.cardmods.uncommon.NoxiousMod","priority":0}],[{"classname":"CardAugments.cardmods.common.SlayerMod","priority":0}],[{"classname":"CardAugments.cardmods.uncommon.PreparedMod","modifiedBase":false,"priority":0}],[{"classname":"CardAugments.cardmods.uncommon.NoxiousMod","priority":0}],[{"classname":"CardAugments.cardmods.rare.FlexMod","priority":0}]],"items_purchased":["FearNoEvil","Prostrate","BowlingBash","FlurryOfBlows+1","Tantrum+1","MentalFortress","PreservedInsect","Worship","ForeignInfluence","Energy Potion","AttackPotion"],"campfire_rested":0,"item_purchase_floors":[4,4,4,19,19,19,28,36,36,53,53],"current_hp_per_floor":[72,72,72,72,72,72,70,70,70,69,69,69,62,50,50,50,72,72,72,72,72,70,41,39,39,39,44,44,44,44,44,44,69,72,31,31,31,72,72,72,72,72,72,62,62,62,62,62,62,38,77,77,77,84,0],"gold":45,"neow_bonus":"THREE_SMALL_POTIONS","is_prod":false,"is_daily":false,"chose_seed":false,"campfire_upgraded":5,"win_rate":0,"timestamp":1683943746,"path_taken":["M","M","?","$","?","M","E","M","T","E","R","M","?","E","R","BOSS","M","$","M","M","M","E","M","R","T","M","$","E","R","E","R","BOSS","M","$","?","?","?","E","R","?","T","M","E","$","E","?","R","BOSS","R","$","E","BOSS"],"build_version":"2022-12-18","purchased_purges":4,"victory":false,"max_hp_per_floor":[72,72,72,72,72,72,72,72,72,72,72,72,72,72,72,72,72,72,72,72,72,72,72,72,72,72,72,72,72,72,72,72,72,72,72,72,72,72,72,72,72,72,72,72,72,72,72,72,72,77,77,77,77,84,84],"card_choices":[{"not_picked":["Consecrate","ThirdEye"],"picked":"Prostrate","floor":1.0},{"not_picked":["Wireheading","Indignation"],"picked":"ThirdEye","floor":2.0},{"not_picked":["WheelKick","Swivel"],"picked":"Consecrate","floor":5.0},{"not_picked":["Nirvana","WheelKick"],"picked":"FlurryOfBlows","floor":6.0},{"not_picked":["EmptyBody","Consecrate+1"],"picked":"ReachHeaven+1","floor":7.0},{"not_picked":["FlyingSleeves+1","Halt"],"picked":"WheelKick+1","floor":8.0},{"not_picked":["FearNoEvil+1","SpiritShield"],"picked":"FlyingSleeves+1","floor":10.0},{"not_picked":["BowlingBash+1","Fasting2"],"picked":"EmptyFist+1","floor":12.0},{"not_picked":["Crescendo","Pray"],"picked":"JustLucky+1","floor":14.0},{"not_picked":["Alpha","DeusExMachina"],"picked":"Vault","floor":16.0},{"not_picked":["DeceiveReality+1","FollowUp+1"],"picked":"Wallop+1","floor":18.0},{"not_picked":["Consecrate+1","Halt+1","Pray"],"picked":"SKIP","floor":20.0},{"not_picked":["Collect","EmptyBody"],"picked":"FlurryOfBlows+1","floor":21.0},{"not_picked":["Prostrate","CutThroughFate+1","Protect"],"picked":"SKIP","floor":22.0},{"not_picked":["CutThroughFate+1","FollowUp+1","MasterReality"],"picked":"SKIP","floor":23.0},{"not_picked":["BowlingBash+1","Protect"],"picked":"Prostrate+1","floor":24.0},{"not_picked":["SignatureMove+1","Crescendo","EmptyBody"],"picked":"SKIP","floor":27.0},{"not_picked":["EmptyFist+1","EmptyBody+1","BattleHymn"],"picked":"SKIP","floor":29.0},{"not_picked":["Evaluate","FlyingSleeves+1","EmptyBody+1"],"picked":"SKIP","floor":31.0},{"not_picked":["DevaForm","Alpha"],"picked":"Ragnarok+1","floor":33.0},{"not_picked":["WheelKick+1","Protect"],"picked":"Adaptation","floor":35.0},{"not_picked":["ClearTheMind+1","EmptyBody","Prostrate+1"],"picked":"SKIP","floor":39.0},{"not_picked":["Worship","Consecrate+1","Evaluate"],"picked":"SKIP","floor":40.0},{"not_picked":["FlyingSleeves+1","CrushJoints+1","ForeignInfluence"],"picked":"SKIP","floor":44},{"not_picked":["PathToVictory+1","Adaptation","Crescendo+1"],"picked":"SKIP","floor":45},{"not_picked":["BowlingBash+1","Consecrate+1","Indignation+1"],"picked":"SKIP","floor":47},{"not_picked":["Wireheading","WaveOfTheHand","PathToVictory+1"],"picked":"SKIP","floor":48},{"not_picked":["Adaptation+1","Wireheading","MasterReality"],"picked":"SKIP","floor":54}],"player_experience":1410940,"relics_obtained":[{"floor":7.0,"key":"Molten Egg 2"},{"floor":9.0,"key":"Happy Flower"},{"floor":10.0,"key":"Bronze Scales"},{"floor":14.0,"key":"Smiling Mask"},{"floor":23.0,"key":"Pantograph"},{"floor":26.0,"key":"Darkstone Periapt"},{"floor":29.0,"key":"Shuriken"},{"floor":31.0,"key":"Ornamental Fan"},{"floor":40.0,"key":"Shovel"},{"floor":41.0,"key":"Pen Nib"},{"floor":45,"key":"Du-Vu Doll"},{"floor":47,"key":"Orichalcum"},{"floor":52,"key":"Yang"},{"floor":54,"key":"Strawberry"}],"event_choices":[{"damage_healed":0.0,"max_hp_gain":0.0,"max_hp_loss":0.0,"gold_gain":100.0,"event_name":"Golden Shrine","player_choice":"Pray","floor":3.0,"gold_loss":0.0,"damage_taken":0.0},{"cards_removed":["Strike_P"],"damage_healed":0.0,"max_hp_gain":0.0,"max_hp_loss":0.0,"gold_gain":0.0,"event_name":"Golden Wing","player_choice":"Card Removal","floor":13.0,"gold_loss":0.0,"damage_taken":7.0},{"damage_healed":0.0,"max_hp_gain":0.0,"max_hp_loss":0.0,"gold_gain":0.0,"event_name":"Tomb of Lord Red Mask","player_choice":"Ignored","floor":37.0,"gold_loss":0.0,"damage_taken":0.0},{"cards_removed":["MentalFortress"],"damage_healed":41.0,"max_hp_gain":0.0,"max_hp_loss":0.0,"gold_gain":0.0,"event_name":"Bonfire Elementals","player_choice":"Offered Uncommon","floor":38.0,"gold_loss":0.0,"damage_taken":0.0},{"damage_healed":0.0,"max_hp_gain":0.0,"max_hp_loss":0.0,"gold_gain":0.0,"event_name":"Designer","player_choice":"Upgrade","floor":42.0,"gold_loss":40.0,"damage_taken":0.0,"cards_upgraded":["Adaptation"]}],"is_beta":false,"boss_relics":[{"not_picked":["SacredBark","Coffee Dripper"],"picked":"VioletLotus"},{"not_picked":["Velvet Choker","Black Star"],"picked":"Runic Pyramid"}],"items_purged_floors":[4,19,36,46],"is_endless":false,"potions_floor_spawned":[1,2,7,8,14,20,21,23,27,33,39,40,48],"killed_by":"The Heart","ascension_level":4}