{"gold_per_floor":[13,32,32,50,50,50,78,97,144,177,252,252,252,50,50,50],"floor_reached":16,"playtime":911,"items_purged":["Defend_P"],"score":173,"play_id":"e3376d3b-0fdc-49a4-a72a-a615c76cfb42","local_time":"20230608195705","is_ascension_mode":true,"campfire_choices":[{"data":"Blasphemy","floor":6,"key":"SMITH"},{"floor":12,"key":"REST"},{"data":"Vigilance","floor":15,"key":"SMITH"}],"neow_cost":"NO_GOLD","seed_source_timestamp":977294273045400,"circlet_count":0,"master_deck":["Strike_P","Strike_P","Strike_P","Strike_P","Defend_P","Defend_P","Defend_P","Eruption+1","Vigilance+1","Blasphemy+1","FlurryOfBlows","ThirdEye","DeusExMachina","Consecrate+1","Halt","InnerPeace","EmptyMind","EmptyFist+1"],"relics":["PureWater","Molten Egg 2","Centennial Puzzle","Potion Belt","FaceOfCleric"],"potions_floor_usage":[10],"damage_taken":[{"damage":6,"enemies":"Jaw Worm","floor":1,"turns":5},{"damage":1,"enemies":"2 Louse","floor":2,"turns":2},{"damage":2,"enemies":"Small Slimes","floor":4,"turns":3},{"damage":0,"enemies":"Gremlin Nob","floor":7,"turns":3},{"damage":0,"enemies":"2 Fungi Beasts","floor":8,"turns":2},{"damage":27,"enemies":"3 Sentries","floor":10,"turns":8},{"damage":40,"enemies":"The Guardian","floor":16,"turns":9}],"seed_played":"-7244998444608324837","potions_obtained":[{"floor":1,"key":"Block Potion"},{"floor":7,"key":"BottledMiracle"},{"floor":8,"key":"BottledMiracle"}],"is_trial":false,"path_per_floor":["M","M","?","M","?","R","E","M","T","E","?","R","?","$","R","B"],"character_chosen":"WATCHER","basemod:card_modifiers":[null,null,null,null,null,null,null,null,null,null,null,null,null,null,null,null,null,null],"items_purchased":["EmptyMind","EmptyFist+1"],"campfire_rested":1,"item_purchase_floors":[14,14],"current_hp_per_floor":[59,58,58,56,56,56,56,56,56,29,18,39,39,39,39,0],"gold":50,"neow_bonus":"THREE_RARE_CARDS","is_prod":false,"is_daily":false,"chose_seed":false,"campfire_upgraded":2,"win_rate":0,"timestamp":1686268625,"path_taken":["M","M","?","M","?","R","E","M","T","E","?","R","?","$","R","BOSS"],"build_version":"2022-12-18","purchased_purges":1,"victory":false,"max_hp_per_floor":[72,72,72,72,72,72,72,72,72,72,72,72,72,72,72,72],"card_choices":[{"not_picked":["DevaForm","Ragnarok"],"picked":"Blasphemy","floor":0},{"not_picked":["Worship","PathToVictory"],"picked":"FlurryOfBlows","floor":1},{"not_picked":["ForeignInfluence","Sanctity"],"picked":"ThirdEye","floor":2},{"not_picked":["FollowUp","Wireheading"],"picked":"DeusExMachina","floor":4},{"not_picked":["ClearTheMind","PathToVictory"],"picked":"Consecrate+1","floor":7},{"not_picked":["Fasting2","Consecrate+1"],"picked":"Halt","floor":8},{"not_picked":["Consecrate+1","Swivel"],"picked":"InnerPeace","floor":10}],"player_experience":1441851,"relics_obtained":[{"floor":7,"key":"Molten Egg 2"},{"floor":9,"key":"Centennial Puzzle"},{"floor":10,"key":"Potion Belt"}],"event_choices":[{"damage_healed":0,"gold_gain":0,"player_choice":"Ignored","damage_taken":0,"max_hp_gain":0,"max_hp_loss":0,"event_name":"Golden Idol","floor":3,"gold_loss":0},{"damage_healed":0,"gold_gain":0,"player_choice":"Grow","damage_taken":0,"max_hp_gain":0,"max_hp_loss":0,"event_name":"Living Wall","floor":5,"gold_loss":0,"cards_upgraded":["Eruption"]},{"damage_healed":0,"gold_gain":75,"player_choice":"Gather Gold","damage_taken":11,"max_hp_gain":0,"max_hp_loss":0,"event_name":"World of Goop","floor":11,"gold_loss":0},{"damage_healed":0,"gold_gain":0,"player_choice":"Trade","damage_taken":0,"relics_obtained":["FaceOfCleric"],"max_hp_gain":0,"max_hp_loss":0,"event_name":"FaceTrader","floor":13,"gold_loss":0}],"is_beta":false,"boss_relics":[],"items_purged_floors":[14],"is_endless":false,"potions_floor_spawned":[1,7,8],"killed_by":"The Guardian","ascension_level":6}