{"gold_per_floor":[119,134,134,144,144,144,160,160,160,8,43,43,53,64,64,159,159,179,189,208,208,147,186,298,345,357,369],"floor_reached":27,"playtime":1449,"items_purged":["Defend_P"],"score":329,"play_id":"37be7fe8-c2a3-4401-9e93-1d49ff52ea2e","local_time":"20230608141537","is_ascension_mode":true,"campfire_choices":[{"data":"Eruption","floor":6.0,"key":"SMITH"},{"data":"CutThroughFate","floor":8.0,"key":"SMITH"},{"data":"TalkToTheHand","floor":12.0,"key":"SMITH"},{"data":"Meditate","floor":15.0,"key":"SMITH"}],"neow_cost":"TEN_PERCENT_HP_LOSS","seed_source_timestamp":956232289537600,"circlet_count":0,"master_deck":["Eruption+1","Vigilance","CutThroughFate+1","EmptyFist","Meditate+1","CutThroughFate","TalkToTheHand+1","FlurryOfBlows","InnerPeace","Judgement","Wireheading","WaveOfTheHand","Wireheading","ConjureBlade","Wallop","Collect","FlurryOfBlows+1","EmptyBody","ThirdEye","Protect","Nirvana"],"special_seed":0,"relics":["PureWater","Ginger","Blood Vial","The Courier","Pandora\u0027s Box","MawBank","Ornamental Fan","Meat on the Bone","Torii"],"potions_floor_usage":[20,23,23,27],"damage_taken":[{"damage":0.0,"enemies":"2 Louse","floor":1.0,"turns":2.0},{"damage":0.0,"enemies":"Small Slimes","floor":2.0,"turns":3.0},{"damage":0.0,"enemies":"Cultist","floor":4.0,"turns":2.0},{"damage":0.0,"enemies":"Gremlin Gang","floor":7.0,"turns":3.0},{"damage":12.0,"enemies":"Gremlin Nob","floor":11.0,"turns":3.0},{"damage":2.0,"enemies":"Lots of Slimes","floor":13.0,"turns":4.0},{"damage":0.0,"enemies":"Exordium Wildlife","floor":14.0,"turns":2.0},{"damage":3.0,"enemies":"Slime Boss","floor":16.0,"turns":6.0},{"damage":7.0,"enemies":"3 Byrds","floor":18.0,"turns":3.0},{"damage":2,"enemies":"2 Thieves","floor":19,"turns":2},{"damage":1,"enemies":"Chosen and Byrds","floor":20,"turns":3},{"damage":27,"enemies":"Gremlin Leader","floor":23,"turns":5},{"damage":16,"enemies":"Slavers","floor":25,"turns":5},{"damage":25,"enemies":"Gremlin Leader","floor":27,"turns":5}],"seed_played":"1502506321031831210","potions_obtained":[{"floor":4.0,"key":"PowerPotion"},{"floor":11.0,"key":"BottledMiracle"},{"floor":13.0,"key":"Strength Potion"},{"floor":16.0,"key":"Ancient Potion"},{"floor":18.0,"key":"EssenceOfSteel"},{"floor":21,"key":"Swift Potion"},{"floor":21,"key":"PowerPotion"}],"is_trial":false,"path_per_floor":["M","M","?","M","?","R","M","R","T","$","E","R","M","M","R","B",null,"M","M","M","?","?","E","?","E","T","E"],"character_chosen":"WATCHER","basemod:card_modifiers":[null,null,null,null,null,null,null,null,null,null,null,null,null,null,null,null,null,null,null,null,null],"items_purchased":["TalkToTheHand"],"campfire_rested":0,"item_purchase_floors":[10],"current_hp_per_floor":[65,65,52,52,52,52,52,52,52,52,42,42,42,44,44,43,60,55,55,56,56,56,31,31,17,17,0],"gold":369,"neow_bonus":"ONE_RARE_RELIC","is_prod":false,"is_daily":false,"chose_seed":false,"campfire_upgraded":4,"win_rate":0,"timestamp":1686248137,"path_taken":["M","M","?","M","?","R","?","R","T","$","E","R","?","?","R","BOSS","M","M","M","?","?","E","?","E","T","E"],"build_version":"2022-12-18","purchased_purges":1,"victory":false,"max_hp_per_floor":[65,65,65,65,65,65,65,65,65,65,65,65,65,65,65,65,65,65,65,65,65,65,65,65,65,65,65],"card_choices":[{"not_picked":["Evaluate","JustLucky"],"picked":"CutThroughFate","floor":1.0},{"not_picked":["Worship","CutThroughFate"],"picked":"EmptyFist","floor":2.0},{"not_picked":["Swivel","SashWhip"],"picked":"Meditate","floor":4.0},{"not_picked":["JustLucky","MentalFortress"],"picked":"CutThroughFate","floor":7.0},{"not_picked":["Wireheading","Study"],"picked":"FlurryOfBlows","floor":11.0},{"not_picked":["PathToVictory","Protect","LikeWater"],"picked":"SKIP","floor":13.0},{"not_picked":["Crescendo","Collect"],"picked":"InnerPeace","floor":14.0},{"not_picked":["Omniscience","Brilliance"],"picked":"Judgement","floor":16.0},{"not_picked":["ClearTheMind","Perseverance"],"picked":"FlurryOfBlows+1","floor":18.0},{"not_picked":["Evaluate","Worship"],"picked":"EmptyBody","floor":19},{"not_picked":["Evaluate","Indignation"],"picked":"ThirdEye","floor":20},{"not_picked":["Consecrate","EmptyMind"],"picked":"Protect","floor":23},{"not_picked":["Brilliance","JustLucky"],"picked":"Nirvana","floor":25}],"player_experience":1440024,"relics_obtained":[{"floor":9.0,"key":"Blood Vial"},{"floor":11.0,"key":"The Courier"},{"floor":23,"key":"Ornamental Fan"},{"floor":25,"key":"Meat on the Bone"},{"floor":26,"key":"Torii"}],"event_choices":[{"damage_healed":0.0,"max_hp_gain":0.0,"max_hp_loss":0.0,"gold_gain":0.0,"event_name":"Shining Light","player_choice":"Entered Light","floor":3.0,"gold_loss":0.0,"damage_taken":13.0,"cards_upgraded":["Defend_P","Strike_P"]},{"cards_removed":["Defend_P"],"damage_healed":0.0,"max_hp_gain":0.0,"max_hp_loss":0.0,"gold_gain":0.0,"event_name":"Purifier","player_choice":"Purged","floor":5.0,"gold_loss":0.0,"damage_taken":0.0},{"damage_healed":0,"gold_gain":0,"player_choice":"Got Potions","damage_taken":0,"max_hp_gain":0,"max_hp_loss":0,"event_name":"Lab","floor":21,"gold_loss":0},{"damage_healed":0,"gold_gain":0,"player_choice":"Paid Gold","damage_taken":0,"relics_obtained":["MawBank"],"max_hp_gain":0,"max_hp_loss":0,"event_name":"WeMeetAgain","floor":22,"gold_loss":61},{"damage_healed":0,"gold_gain":100,"player_choice":"Pray","damage_taken":0,"max_hp_gain":0,"max_hp_loss":0,"event_name":"Golden Shrine","floor":24,"gold_loss":0}],"is_beta":false,"boss_relics":[{"not_picked":["SlaversCollar","Runic Pyramid"],"picked":"Pandora\u0027s Box"}],"items_purged_floors":[10],"is_endless":false,"potions_floor_spawned":[4,11,13,16,18],"killed_by":"Gremlin Leader","ascension_level":6}